3518 5828
325 485 396 559 134
900 506 1084 560 uonnsun

322 681 460 738 omnibus
482 679 660 755 permissum
683 697 762 752 esse,
785 688 817 738 ut
838 699 876 737 ex
898 679 1078 739 officialibus
1101 680 1164 738 suis
1186 681 1350 758 prinoipem
1374 691 1511 740 crearent
1533 681 1659 739 eundern

325 781 449 840 militem
472 791 501 840 et
523 788 675 839 transacto
692 781 792 839 officio
814 800 879 838 cum
903 782 1086 856 protectoria
1100 782 1244 860 dignitate
1261 783 1478 842 dimittendum.
1513 780 1574 841 Sed
1596 785 1660 841 eius

323 883 452 941 instituti
475 882 593 941 Notitia
614 882 788 959 dignitatum
813 882 925 957 scripta
947 883 1001 940 sub
1021 883 1150 942 Arcadio
1172 892 1202 942 et
1223 884 1359 942 Honorio
1381 884 1588 942 tantummodo
1610 903 1660 942 ru·

326 985 398 1043 dara
413 991 567 1042 monstrat.
602 982 722 1044 Scilicet
743 991 902 1059 postquam
919 982 1116 1044 Constantius
1136 986 1166 1042 ni
1186 986 1275 1044 fallor
1290 995 1411 1062 agentes
1425 986 1455 1044 in
1471 987 1560 1044 rebus
1576 986 1661 1044 insti·

327 1087 384 1144 tuit
409 1087 585 1144 constitutos
613 1084 836 1164 sub'magietro
859 1085 1040 1157 officiorum,
1067 1087 1218 1163 plerisque
1244 1088 1469 1166 magistratibus
1497 1087 1660 1145 maioribus

327 1189 477 1263 principes
493 1187 657 1246 ciliciorum
676 1206 716 1245 ex
732 1189 883 1262 agentium
900 1188 1004 1245 schola
1018 1187 1151 1263 deputati
1168 1199 1247 1259 sunt,
1269 1197 1297 1246 et
1320 1207 1379 1264 quo
1396 1197 1528 1264 tempore
1542 1187 1662 1247 Notitia

328 1291 440 1366 scripta
455 1301 510 1362 est,
524 1297 555 1347 ut
569 1290 598 1346 in
608 1288 780 1348 Occidentis
792 1289 926 1365 partibus
942 1289 1017 1346 nulli
1035 1289 1100 1347 duci
1115 1291 1293 1366 permittitur
1305 1291 1467 1367 principem
1484 1290 1607 1348 scholae
1622 1307 1661 1347 ex

330 1410 385 1450 suo
408 1391 508 1448 officio
531 1391 697 1461 adsumere,
725 1392 880 1448 imminuto
903 1391 1017 1449 scilicet
1039 1391 1101 1448 lure
1124 1392 1230 1449 ducum
1253 1391 1426 1452 Stilichonis
1449 1391 1593 1468 potentia,
1619 1391 1662 1447 ita

329 1492 359 1548 in
375 1489 498 1549 Oriente
521 1509 639 1567 quoque
660 1511 726 1550 cum
749 1493 930 1568 reliquarum
953 1491 1134 1550 dioecesium
1157 1492 1247 1551 duces
1270 1493 1435 1568 principem
1457 1493 1605 1568 accipiant
1626 1491 1663 1548 de

330 1593 435 1651 schola
457 1593 622 1669 agentium,
649 1594 679 1650 in
705 1595 752 1652 his
774 1594 1022 1668 Mesopotamiae,
1049 1611 1136 1669 quem
1163 1595 1218 1652 sub
1241 1593 1419 1654 Constantio
1447 1595 1572 1669 antiquo
1597 1595 1662 1651 iure

331 1711 418 1751 usum
442 1712 508 1752 esse
530 1694 673 1765 vidimus,
702 1695 812 1753 mansit
837 1695 962 1770 antiqua
983 1695 1133 1752 ordinatio
1161 1695 1191 1752 in
1214 1695 1287 1754 solis
1309 1696 1496 1754 dioecesibus
1519 1694 1663 1752 Thracia-

330 1815 396 1853 rum
419 1803 449 1853 et
469 1795 593 1871 Illyrici,
616 1806 649 1852 ut
669 1796 710 1854 ibi
732 1799 870 1874 princeps
893 1797 1013 1854 scholae
1035 1815 1073 1854 ex
1093 1795 1217 1854 duciano
1237 1798 1336 1856 ollicio
1351 1797 1502 1873 profectus
1525 1798 1665 1871 completa

330 1898 449 1969 militia,
478 1907 510 1954 ut
531 1897 573 1954 ait
596 1895 724 1968 Notitin,
757 1900 856 1956 odoret
877 1897 1072 1974 protector1).
1132 1898 1248 1956 Horum
1270 1907 1470 1975 protectorum
1497 1917 1534 1956 ex
1558 1898 1665 1954 militia

331 1999 532 2076 proiectorum
555 1998 693 2074 exempla
714 1999 791 2057 tituli
814 2017 933 2076 quoque
956 1999 1155 2076 suppeditant,
1177 2001 1238 2058 rari
1261 2001 1293 2072 ii,
1315 2019 1382 2059 cum
1404 2001 1461 2058 hac
1480 2008 1578 2058 aetate
1599 2017 1664 2057 our-

333 2119 384 2159 sus
406 2101 552 2158 honorum
574 2101 718 2175 perscribi
741 2101 803 2159 lere
825 2101 977 2174 desierint,
1000 2101 1053 2160 sed
1075 2101 1232 2159 luculenti:

417 2203 502 2259 n.14
525 2203 689 2260 ordinariae
712 2203 765 2278 leq.
781 2203 820 2259 II
836 2203 959 2262 Italicae
981 2203 1169 2262 Diviteneium
1191 2235 1230 2246 -
1249 2212 1402 2280 protector,

417 2323 445 2361 n.
462 2304 500 2361 43
523 2303 603 2360 milet
627 2303 679 2379 lep.
697 2303 750 2361 XI
771 2301 814 2361 Cl.
840 2338 877 2347 -
901 2304 995 2380 (mllcs
1018 2303 1083 2380 lep.)
1107 2305 1312 2362 lancinatorum
1333 2337 1374 2346 -
1392 2309 1515 2380 protendi
1537 2325 1565 2363 a.
1580 2305 1608 2362 V
1625 2336 1665 2348 -

487 2409 591 2464 missus
607 2437 645 2446 -
657 2407 752 2480 praes.
770 2405 822 2480 lep.
835 2406 874 2461 II
883 2405 1036 2464 Herculioe
1051 2424 1141 2464 annot
1153 2406 1192 2462 II
1201 2425 1307 2465 menaea
1323 2406 1369 2465 VI
1379 2439 1417 2449 -
1433 2406 1510 2464 vixit
1525 2425 1552 2463 a.
1566 2404 1664 2464 XLV.

488 2507 522 2564 In
544 2505 660 2582 legione
684 2507 761 2565 hunc
783 2508 927 2565 meruisse
950 2526 1004 2582 per
1026 2525 1121 2565 annos
1143 2525 1167 2565 c.
1180 2507 1244 2566 XX
1267 2509 1297 2565 in
1326 2508 1519 2566 adnotatione
1546 2508 1665 2565 demon-

488 2609 591 2677 stravi,

419 2732 446 2770 n.
464 2709 503 2768 30
527 2709 619 2784 (miles
643 2709 709 2784 lep.)
725 2713 904 2767 Iovianorum
926 2729 953 2768 α.
964 2709 1115 2768 XXVIII
1126 2744 1164 2753 -
1184 2721 1327 2785 protector
1342 2713 1509 2769 domesticae
1531 2731 1559 2768 a.
1571 2711 1615 2768 VI
1625 2743 1664 2752 -

486 2813 649 2888 praefectae
676 2811 822 2868 lonciuriis
849 2813 1005 2870 censorious
1027 2844 1068 2856 -
1090 2812 1269 2887 (sequuntur
1295 2813 1424 2870 honores
1452 2811 1519 2887 alii)
1544 2845 1582 2855 -
1605 2813 1663 2870 vix.

490 2933 517 2970 a.
533 2911 661 2981 LXXV,

420 3035 449 3072 n.
466 3015 504 3072 37
528 3014 607 3072 miles
635 3013 725 3088 lepl
745 3012 905 3072 Minerviae
925 3033 952 3071 a.
970 3015 998 3072 V
1015 3047 1055 3056 —
1081 3017 1160 3072 miles
1188 3015 1239 3090 lep.
1256 3014 1309 3071 XI
1331 3034 1358 3072 a.
1375 3015 1424 3072 IV
1443 3049 1480 3058 —
1508 3018 1588 3074 melae
1615 3016 1665 3091 leq.

491 3117 650 3172 lunoiariae
670 3133 697 3170 a.
714 3114 744 3172 V
761 3146 798 3156 -—-
819 3125 962 3190 protector
982 3133 1010 3173 α.
1027 3115 1055 3174 V
1072 3149 1113 3159 —
1136 3116 1211 3172 vixit
1233 3133 1259 3172 a.
1275 3115 1456 3187 XXXVIII,

420 3238 449 3275 n.
466 3217 503 3274 29
528 3235 609 3292 eques
631 3215 823 3274 vexillationis
845 3215 1068 3291 sareaneeaed)
1092 3236 1117 3274 a.
1135 3217 1243 3276 XXIII
1268 3251 1305 3260 -
1325 3227 1472 3294 protector
1492 3239 1518 3276 o.
1535 3219 1570 3277 V.

379 3337 447 3395 Hoc
469 3336 586 3394 nomine
609 3344 826 3411 protectoratus
842 3335 957 3394 duobus
975 3337 1071 3394 modis
1089 3337 1263 3395 coniunctus
1280 3347 1326 3394 est
1347 3356 1412 3394 cum
1430 3338 1577 3396 institutis
1593 3339 1667 3395 mili-

338 3439 454 3498 taribus
476 3437 586 3496 saeculi
610 3437 751 3496 melioris.
793 3437 925 3494 Primum
948 3438 1027 3513 quod
1050 3438 1338 3496 demonstravitum
1361 3438 1525 3496 secundum
1549 3439 1667 3497 illorum

338 3541 494 3600 titulorum
517 3539 639 3597 edebam
662 3538 797 3595 militiam
821 3537 1015 3614 legionariam
1038 3541 1157 3597 saeculo
1175 3539 1303 3597 secundo
1326 3540 1473 3615 tertioque
1495 3545 1537 3598 ita
1560 3541 1668 3598 iactam

340 3661 407 3702 esse
430 3658 576 3698 annorum
592 3640 724 3714 quinque
739 3649 767 3697 et
783 3640 897 3716 viginti,
921 3648 952 3697 ut
974 3640 1084 3700 milites
1100 3641 1249 3718 stipendia
1269 3652 1415 3700 mererent
1431 3641 1584 3699 ordinaria
1599 3642 1668 3712 XX,

338 3741 525 3811 immuniaV,
549 3748 650 3816 aperte
665 3740 694 3796 in
712 3741 928 3817 protectoribus
944 3743 992 3800 his
1007 3743 1226 3818 quodammodo
1242 3743 1369 3812 duravit,
1385 3761 1565 3818 quamquam
1581 3744 1668 3801 iidem

339 3846 416 3904 tituli
438 3843 599 3902 ostendunt
620 3843 717 3918 spatia
739 3861 798 3899 non
819 3843 907 3900 anxie
935 3851 1050 3902 retenta
1073 3863 1152 3916 esee,
1181 3845 1232 3902 sed
1261 3863 1315 3919 pro
1339 3845 1451 3902 saeculi
1478 3845 1608 3904 labentis
1627 3846 1669 3902 li-

338 3947 434 4006 eentia
456 3945 544 4003 modo
567 3954 653 4001 aucta
674 3944 814 4016 inveniri,
842 3945 930 4001 modo
952 3945 1116 4004 imminute.
1161 3945 1265 4004 Potest
1292 3947 1381 4003 etiam
1408 3964 1462 4020 per
1483 3947 1596 4022 gradus
1623 3965 1670 4004 res

341 4047 539 4124 processisse;
571 4045 700 4103 fortasse
727 4063 793 4102 eum
820 4054 1004 4119 protectores
1031 4047 1100 4104 novi
1127 4048 1255 4124 primum
1283 4049 1387 4105 fierent
1419 4047 1524 4106 selecti
1557 4058 1671 4107 tantum

342 4149 484 4220 veterani,
506 4147 681 4224 praesertim
705 4146 756 4222 qui
771 4146 892 4205 ordines
907 4147 1072 4218 duxissent,
1095 4168 1161 4206 eum
1184 4149 1281 4206 locum
1298 4159 1449 4224 ceperunt,
1472 4157 1580 4224 postea
1602 4168 1671 4206 vero

342 4251 439 4309 honor
465 4249 603 4327 vulgatus
631 4257 684 4306 est.
713 4281 753 4290 —
779 4246 897 4306 Deinde
924 4249 1004 4325 quod
1036 4249 1242 4326 praetorianos
1271 4248 1482 4308 Diocletianus
1515 4251 1672 4322 imminuit,

345 4375 548 4384 ———--„.-

403 4435 426 4496 ¹)
447 4433 615 4484 Protectorem
634 4436 704 4498 qnod
722 4435 832 4486 traditur
852 4443 951 4486 constat
969 4444 1012 4485 aut
1031 4438 1068 4486 ita
1087 4437 1275 4486 emendandum
1295 4451 1351 4487 esse
1370 4445 1414 4487 aut
1432 4438 1543 4488 fortasse
1562 4440 1674 4488 scriben-

343 4528 404 4577 dum
421 4543 471 4592 pro
487 4533 638 4592 protectore.
682 4527 726 4576 Ad
750 4529 881 4592 antiquam
904 4529 1092 4578 ordinationem
1117 4528 1168 4578 hoo
1192 4544 1292 4593 quoque
1317 4529 1477 4593 aliquatenus
1500 4531 1582 4592 redit,
1606 4531 1673 4595 quod

343 4619 483 4668 secundnm
502 4617 628 4667 Notitiam
648 4618 801 4682 dignitatum
820 4621 938 4684 princeps
964 4619 1044 4669 ollicii
1071 4621 1143 4670 dutls
1163 4621 1298 4684 deputatus
1324 4635 1357 4670 ex
1384 4621 1473 4670 schola
1492 4622 1623 4686 agentium
1649 4623 1674 4670 in

343 4711 419 4760 rebus
439 4717 567 4758 transacto
587 4710 675 4759 cilicio
693 4700 858 4760 'ducenarius
877 4703 993 4773 adorat’;
1019 4713 1117 4761 seilicet
1136 4720 1194 4776 post
1213 4712 1342 4761 institutos
1361 4719 1466 4776 agentes
1485 4714 1512 4761 in
1533 4713 1610 4762 rebus
1630 4713 1673 4762 tlu-

345 4802 489 4852 cenariatns
508 4816 524 4849 a
543 4802 699 4864 protectoria
718 4802 841 4865 dignitate
861 4803 975 4851 divulsus
994 4809 1048 4852 tum
1066 4804 1121 4852 sere
1141 4805 1173 4852 iis
1193 4804 1268 4852 datus
1287 4812 1326 4853 est
1338 4819 1396 4853 cum
1416 4805 1459 4867 qui
1472 4819 1518 4852 eos
1530 4819 1674 4868 praecesse·

342 4900 401 4942 rant
419 4893 453 4942 ad
473 4894 654 4956 protectoriam
669 4893 819 4957 dignitatem
833 4894 938 4943 admissi
953 4903 1044 4942 essent.
1061 4923 1092 4930 -
1109 4895 1263 4955 Vitalianus,
1285 4911 1360 4959 quem
1373 4895 1528 4944 Ammianus
1542 4897 1587 4956 25,
1604 4897 1674 4955 10‚a

342 4985 380 5034 ait
399 4985 506 5034 militem
526 5000 540 5032 e
559 4999 666 5033 nurnero
680 4985 835 5033 Hernlorum
855 4985 909 5048 (qui
928 4985 955 5034 in
968 4985 1069 5034 Notitia
1087 4987 1156 5050 dign.
1178 4987 1244 5035 inter
1263 4987 1363 5036 auxilia
1375 4987 1497 5036 Palatina
1516 4987 1675 5051 comparent)

342 5075 541 5126 domesticorum
561 5075 690 5125 consortio
710 5077 858 5126 adiunctum
878 5091 941 5138 esse,
962 5092 1014 5126 non
1035 5083 1087 5127 tant
1106 5091 1153 5142 pro
1174 5085 1295 5128 veterano
1310 5093 1386 5143 quem
1399 5077 1506 5142 speciali
1521 5079 1606 5143 gratia
1619 5094 1676 5143 pro·

341 5173 425 5218 motus
444 5175 491 5230 est,
510 5168 564 5218 fere
583 5175 611 5217 ut
629 5166 704 5218 Data
723 5167 792 5228 (vide
811 5183 836 5232 p.
854 5167 924 5230 131).
