3518 5828
473 487 1077 542 onsnnvamoruesunraasrurcnn.
1369 472 1442 544 135

101 661 319 722 Constantinus
349 661 495 732 abolevit,
528 669 630 736 aperte
651 662 799 732 iecerunt,
833 662 972 738 qnoniam
1000 662 1200 738 praetorianis
1229 681 1331 722 carere
1356 671 1441 741 pote·

99 775 169 823 rant
190 775 315 842 propter
339 770 541 839 protectorem
563 783 631 821 num
655 763 720 838 pari
741 762 809 822 loco
833 763 948 838 utrique
971 773 1040 822 suut
1061 781 1120 822 non
1142 763 1239 822 solum
1259 782 1295 824 co
1310 766 1439 838 nomine,

98 867 180 942 quod
194 865 332 943 corporis
348 865 492 924 custodia
514 865 657 941 principis
679 873 740 922 tam
763 864 959 939 praetorianis
975 865 1164 924 incumbebat
1185 883 1273 941 quam
1290 875 1437 944 protecto-

100 969 192 1038 ribus,
215 967 267 1025 sed
289 967 359 1026 item
382 977 507 1042 propter
529 965 654 1042 originis
677 965 843 1042 paritatem.
886 963 1006 1024 Scilicet
1026 984 1093 1024 cum
1116 987 1134 1024 a
1156 963 1269 1026 Severo
1290 967 1360 1026 iude
1382 969 1436 1026 mi·

98 1069 167 1128 lites
189 1070 259 1126 lecti
281 1088 319 1127 ex
342 1067 508 1144 legionibus
529 1067 559 1124 in
583 1068 763 1142 praetorium
783 1066 1022 1138 transferrentur,
1045 1069 1076 1126 id
1091 1069 1187 1144 ipsum
1203 1069 1234 1126 in
1248 1076 1435 1146 protectores

100 1189 218 1247 quoque
239 1170 328 1228 cadit.
366 1169 471 1244 ltaque
493 1170 569 1228 inter
590 1169 693 1228 titulos
716 1169 970 1243 praetorianorum
986 1186 1063 1244 quos
1079 1170 1224 1229 habemus
1240 1171 1290 1246 qui
1307 1171 1436 1230 fortasse

97 1272 322 1332 recentissimus
344 1269 447 1330 estc.
461 1269 516 1342 Vl,
534 1269 614 1328 2759
637 1270 738 1328 militis
760 1269 915 1328 cuiusdam
937 1273 1008 1328 corti
1024 1271 1060 1328 X
1073 1275 1208 1348 pretoric,
1234 1277 1283 1347 qui
1304 1273 1436 1331 militabit

100 1375 209 1450 lopiano
229 1373 364 1433 Mesiacu
385 1371 447 1448 (XI
470 1369 630 1446 Claudiai)
653 1370 765 1446 ann(i)e
785 1371 819 1442 V,
845 1374 916 1429 inter
939 1371 1093 1432 lanciarios
1115 1376 1198 1432 anuis
1220 1372 1284 1444 XI,
1311 1378 1341 1432 in
1363 1393 1432 1450 prc-

98 1481 172 1535 toria
193 1474 304 1550 anulis]
330 1515 383 1543 ...,
411 1493 476 1532 eum
498 1491 558 1532 non
580 1473 754 1531 mirabimur
775 1473 912 1548 proxime
933 1473 1074 1532 accedere
1096 1475 1133 1532 ad
1156 1491 1248 1552 supra
1269 1475 1431 1536 recensitos

97 1587 308 1653 protectorum.
344 1574 422 1648 Quid
438 1573 518 1651 quod
534 1574 660 1634 fortasse
676 1592 736 1632 nou
751 1591 824 1632 casu
839 1574 955 1647 accidit,
978 1575 1060 1650 quod
1074 1575 1195 1634 eaedem
1210 1575 1271 1634 fere
1286 1576 1429 1652 legiones,

96 1699 171 1756 quae
199 1680 231 1737 in
257 1680 314 1736 hoe
336 1677 421 1736 titulo
447 1685 632 1752 comparent,
661 1675 749 1734 etiam
776 1682 960 1751 protectores
987 1676 1056 1736 illos
1082 1676 1240 1748 dederunt,
1268 1685 1299 1734 ut
1324 1697 1363 1736 ex
1390 1679 1428 1737 iis

96 1781 255 1858 praecipue
283 1777 511 1838 Constantinum
537 1777 666 1836 conicias
694 1777 821 1852 primum
850 1777 1072 1853 praetorianos,
1104 1778 1212 1837 deinde
1244 1787 1427 1855 protectores

94 1881 268 1940 adscivisse.
306 1879 374 1938 Hoc
396 1880 492 1938 solum
514 1879 604 1954 igitur
626 1879 750 1936 mutavit
769 1889 889 1956 praeter
909 1897 1027 1951 nomen,
1051 1879 1217 1954 quodcum
1232 1889 1320 1938 antea
1335 1881 1428 1957 legio-

94 1984 169 2041 narii
194 1999 355 2058 paucorum
379 1980 593 2058 stipendiorum
615 1981 646 2040 iu
668 1980 850 2057 praetorium
878 1980 1164 2056 transferrentur1),
1192 1982 1252 2040 iam
1279 1982 1428 2058 stipendia

94 2087 161 2163 plus
184 2085 284 2143 minus
305 2083 413 2159 viginti
434 2083 670 2158 requirebantur.
700 2113 738 2124 ·—
765 2081 914 2157 ltaquod
936 2085 1138 2160 supraposui
1165 2083 1314 2142 sublatum
1340 2102 1426 2159 prae·

93 2188 201 2246 terium
225 2205 244 2242 a
266 2182 464 2243 Constantino
486 2183 675 2242 coniunctum
699 2200 766 2242 esse
792 2202 859 2242 cum
885 2183 1029 2242 institutis
1056 2185 1104 2244 vel
1131 2185 1230 2260 potius
1256 2184 1426 2244 reformatis

91 2287 318 2366 protectoribus,
342 2285 446 2344 videor
468 2285 540 2343 mibi
563 2285 638 2344 satis
660 2285 902 2360 comprobavisse
924 2295 954 2344 et
970 2285 1013 2344 rei
1029 2284 1166 2344 militaris
1182 2287 1425 2346 reformationem·

92 2387 376 2448 constantinianam
398 2387 441 2445 ita
462 2387 651 2462 aliquatenus
674 2386 881 2446 elucidavisse.

132 2491 242 2548 Restat
267 2490 363 2547 altera
388 2507 480 2548 eausa
507 2489 684 2563 protectoris
711 2487 832 2546 creandi
857 2489 887 2546 in
913 2487 979 2565 lege
995 2487 1213 2562 Valentiniani,
1240 2508 1315 2565 quae
1337 2490 1422 2548 varia

90 2593 199 2652 itinera
219 2592 258 2648 ad
279 2599 512 2666 protectoratnm
532 2589 670 2648 ducentia
691 2591 817 2664 ingenue
839 2589 996 2648 admodum
1014 2589 1155 2662 declarat,
1178 2592 1221 2648 ita
1243 2591 1421 2668 significata,

89 2705 123 2753 nt
149 2693 367 2770 protectoribus
389 2692 538 2750 veteranis
560 2701 749 2768 opponantur
775 2699 959 2767 protectores
982 2691 1052 2750 facti
1074 2691 1119 2748 ccl
1140 2692 1280 2766 suffragio
1300 2693 1346 2750 nel
1368 2711 1420 2768 po·

90 2800 176 2854 tenna
197 2796 242 2852 vel
262 2797 370 2869 pratia.
403 2792 507 2852 Potuit
522 2792 592 2850 addi
606 2795 650 2850 nel
664 2793 823 2862 natalibus3
846 2801 925 2851 certe
940 2811 965 2850 a.
980 2791 1040 2850 364
1055 2793 1122 2870 lege
1144 2790 1194 2866 (C.
1205 2792 1262 2852 Th.
1276 2793 1305 2863 6,
1322 2793 1371 2864 24,
1387 2793 1419 2869 2)

89 2907 223 2954 sanetum
246 2904 305 2965 cst,
333 2905 364 2952 ut
385 2893 614 2952 domesticorum
637 2894 690 2952 lilii
713 2905 742 2951 et
764 2895 923 2971 propinqui
946 2894 1115 2970 impuberes
1139 2894 1239 2952 statim
1267 2895 1344 2953 inter
1366 2897 1419 2954 do-

88 2999 230 3056 mesticos
256 2996 437 3054 reserrentur
463 2995 563 3070 itaque
590 2997 669 3054 iusta
694 3003 790 3054 aetate
816 2996 940 3072 impleta
971 2997 1028 3054 lroc
1058 2995 1126 3053 loco
1155 2995 1326 3055 militarent.
1371 2998 1419 3056 Ad

86 3100 117 3157 id
149 3116 245 3177 genus
279 3115 372 3174 supra
407 3097 575 3156 rettulimus
607 3097 802 3156 Maximinum
837 3096 952 3156 Galerii
986 3095 1128 3156 Caesaris
1164 3097 1277 3155 sororis
1313 3098 1417 3158 filium.

86 3203 116 3258 Α
138 3198 316 3260 Constantio
337 3199 407 3258 inde
429 3199 567 3276 exempla
589 3198 754 3270 abundant,
780 3206 938 3275 propterea
965 3207 1079 3257 tantum
1103 3198 1223 3274 opinor,
1252 3199 1332 3274 quod
1353 3201 1418 3260 eius

86 3303 195 3360 aetatis
217 3319 266 3360 res
295 3311 396 3378 gestas
422 3301 511 3376 longe
541 3301 707 3358 accuratius
733 3308 763 3358 et
784 3300 900 3375 plenius
927 3300 1053 3359 traditus
1080 3300 1223 3358 habemus
1250 3318 1339 3376 quam
1365 3321 1419 3379 per

85 3413 222 3481 tempora
242 3401 423 3461 Diocletiani
445 3411 475 3460 et
495 3399 696 3460 Constantini.
741 3399 800 3474 Qui
822 3401 992 3460 nominatur
1013 3403 1050 3460 ab
1073 3401 1233 3460 Ammiano
1255 3404 1302 3474 14,
1327 3402 1375 3476 10,
1399 3403 1416 3462 2

84 3506 122 3563 sd
149 3525 177 3562 a.
198 3505 259 3564 354
281 3504 463 3562 Herennianus
485 3513 629 3578 protector
651 3505 832 3572 domesticus,
859 3503 1045 3579 Hermogenis
1072 3523 1104 3562 en
1129 3506 1267 3578 rnapiatro
1294 3508 1417 3580 equitum

76 3608 159 3686 filias
183 3624 371 3681 nequaquam
397 3623 435 3662 cx
458 3613 600 3662 veterano
627 3612 777 3680 protector
799 3603 894 3662 lactus
916 3615 977 3675 est,
1006 3623 1060 3662 nec
1081 3605 1177 3681 magis
1200 3605 1343 3664 Iovianus
1366 3626 1416 3664 co·

82 3709 164 3768 mitis
190 3707 423 3766 domesticorum
437 3704 617 3763 Varroniani
642 3705 739 3775 filius,
764 3705 814 3781 qui
841 3714 929 3764 natus
957 3724 984 3763 a.
1001 3705 1056 3762 331
1084 3715 1114 3763 et
1140 3725 1166 3762 a
1184 3705 1241 3763 361
1272 3710 1416 3766 etiamtum

79 3819 227 3886 protector
248 3810 416 3866 domesticus
443 3805 637 3881 (Ammianus
658 3805 708 3877 21,
728 3805 774 3876 16,
790 3807 843 3879 20)
875 3817 944 3883 post
965 3807 1124 3866 triennium
1153 3807 1280 3882 primum
1306 3809 1337 3866 in
1363 3827 1415 3867 eo·

82 3931 149 3970 rum
171 3910 321 3968 consortio
343 3910 441 3967 locum
464 3917 567 3966 tenens
590 3908 703 3983 (Amm.
726 3907 774 3980 25,
792 3909 821 3978 5,
839 3908 887 3983 4),
913 3907 1000 3968 miles
1022 3917 1120 3967 umen
1142 3910 1294 3966 etiamtum
1318 3908 1413 3982 (The-

81 4012 200 4071 mistius
223 4011 259 4070 ad
282 4011 437 4068 Iovianum
461 4031 490 4088 p.
507 4009 560 4069 66:
584 4001 779 4090 αἰχμοφόρος)
798 4006 959 4086 impeiator
973 4018 1088 4069 creatus
1104 4019 1158 4068 est.
1195 4009 1264 4085 lpse
1280 4011 1412 4071 Ammia-

140 4232 164 4292 ¹)
184 4231 265 4281 Tituli
284 4231 484 4296 legionariorum
508 4231 604 4280 saeculi
624 4229 692 4280 tertii
721 4229 748 4278 in
773 4230 930 4292 praetorium
954 4229 1150 4290 translatorum,
1176 4243 1240 4294 quos
1268 4233 1412 4295 composuit

79 4339 161 4388 nuper
180 4323 262 4373 Osear
280 4323 358 4373 Bobn
378 4321 448 4384 (iiber
467 4321 508 4372 die
526 4319 629 4372 Haimat
647 4320 693 4370 der
711 4319 888 4372 Prdtcrianer.
926 4321 1042 4371 Berolini
1064 4321 1133 4371 lssa
1154 4337 1179 4386 p.
1196 4321 1249 4383 13),
1270 4323 1411 4386 stipendio·

77 4432 134 4464 rum
154 4429 275 4464 numeros
294 4415 438 4478 adscriptos
457 4413 554 4463 babent
572 4413 620 4463 bos
640 4413 742 4474 (urbani
761 4419 820 4462 sunt
833 4427 923 4464 omues
937 4420 963 4462 et
975 4419 1048 4462 sento
1063 4413 1192 4463 volumine
1207 4413 1412 4478 comprehensi):

77 4505 120 4556 X:
141 4507 265 4568 n.2697;
286 4507 340 4556 lX:
359 4521 384 4554 n.
400 4506 485 4567 2437;
505 4507 555 4556 VI:
576 4521 601 4555 a.
617 4504 696 4556 2605.
712 4504 791 4554 2672.
808 4506 892 4566 2772;
914 4506 950 4554 V:
970 4520 996 4553 n.
1011 4505 1096 4566 2673;
1115 4506 1168 4555 1v=
1188 4521 1213 4554 n.
1231 4506 1310 4556 2785.
1326 4507 1413 4570 2977,

76 4597 119 4648 11:
139 4615 165 4648 n.
180 4599 251 4647 2601
274 4597 317 4658 (ci.
337 4613 363 4646 n.
379 4597 469 4658 2758).
505 4597 593 4660 Ipsam
612 4596 806 4646 translationem
821 4595 937 4646 Bohnius
956 4603 1042 4646 censet
1059 4603 1118 4660 post
1131 4597 1255 4649 Severum
1274 4611 1334 4646 raro
1354 4603 1410 4648 tan·

78 4697 130 4739 tum
150 4705 198 4738 usn
219 4690 320 4739 venisse
339 4689 394 4738 sine
413 4704 504 4750 eausa,
524 4703 584 4738 narn
604 4690 647 4754 qul
667 4703 698 4737 ex
716 4688 808 4738 militia
821 4688 905 4736 minus
918 4686 1044 4737 honorata
1057 4687 1090 4736 ad
1104 4687 1220 4738 altiorem
1233 4688 1340 4752 gradum
1354 4703 1411 4752 per-

77 4790 209 4842 venerunt,
229 4795 415 4844 saepenumero
435 4781 467 4830 de
486 4781 531 4829 illa
549 4781 633 4842 silent,
654 4787 682 4828 ut
700 4779 861 4828 centuriones
880 4777 941 4827 facti
961 4779 992 4828 de
1011 4777 1156 4843 gregalibus
1175 4779 1322 4844 stipendiis3
1346 4779 1408 4829 item

76 4881 194 4924 evocatos
215 4889 273 4923 cum
293 4879 393 4921 constet
412 4886 499 4922 omnes
519 4873 545 4921 in
565 4872 656 4922 ordine
675 4871 807 4930 meruisse,
826 4869 902 4934 louge
917 4871 1021 4934 plurimi
1033 4884 1122 4920 eorum
1136 4871 1312 4921 evocationem
1325 4871 1407 4922 solam

75 4971 178 5028 ponem
212 4963 283 5016 Sane
304 4963 442 5012 verisimile
462 4969 500 5012 est
518 4964 627 5028 gratiam
645 4963 753 5013 multum
772 4962 800 5011 iu
813 4961 982 5012 translatione
995 4962 1114 5023 valuisse,
1134 4976 1217 5026 neque
1230 4977 1319 5012 omnes
1332 4977 1406 5026 praa·

73 5058 185 5106 turinnes
205 5063 283 5105 antea
302 5055 331 5103 in
349 5055 453 5118 legions
472 5055 594 5106 meruisse
614 5053 756 5116 eontend03
781 5053 827 5103 sed
846 5054 901 5103 iure
920 5053 947 5103 id
966 5053 1089 5103 mansisse
1110 5053 1324 5104 Cormtautiniana
1343 5069 1406 5120 quo-

73 5163 120 5212 que
136 5148 328 5200 reformatione
347 5146 520 5198 confirmatur.
