3502 5834
362 547 436 628 '300
796 573 1071 627 rnnrrnunurn
1097 565 1182 628 von.
1198 569 1265 627 vm
1432 617 1433 620 ι
1648 564 1701 629 ιιι

404 747 578 808 343-450
600 747 636 806 In
659 749 808 807 territorio
825 745 1068 824 Carthaginiensi
1091 749 1169 808 haud
1191 749 1297 826 procul
1319 767 1338 808 a
1360 749 1446 822 colle,
1469 749 1578 826 inquo
1595 747 1700 809 stu·
1718 803 1720 807 ,

361 849 459 909 dorici
482 849 610 910 ecclesia
631 859 787 910 exstructa
808 859 868 924 est,
902 868 997 927 nuper
1023 851 1082 909 duo
1109 851 1278 929 sepulcretis
1298 851 1422 910 inventa
1447 859 1517 910 aunt
1543 869 1701 911 servorum

359 953 490 1011 maxime
512 951 560 1011 vel
578 951 755 1012 libertorum
778 953 910 1012 familiae
935 953 1154 1029 imperatoriae,
1176 973 1216 1012 ex
1230 972 1357 1030 quorum
1372 961 1498 1030 utroque
1520 953 1599 1013 tituli
1623 954 1700 1012 eruti

359 1063 429 1113 sunt
449 1073 510 1112 non
525 1054 619 1112 multo
635 1056 733 1114 minus
748 1055 868 1114 treceni.
903 1054 950 1114 De
965 1074 1011 1128 so,
1033 1056 1113 1132 quod
1128 1056 1212 1133 prius
1228 1056 1380 1115 inventum
1396 1065 1449 1129 est,
1473 1075 1550 1133 quae
1566 1057 1700 1115 maxims

359 1144 437 1216 scitu
459 1155 549 1233 digna
571 1167 668 1230 erant,
695 1157 809 1216 rettulit
830 1167 860 1216 et
881 1157 1035 1216 titulorum
1057 1157 1126 1216 inde
1153 1166 1370 1235 protracturum
1393 1158 1553 1216 maximam
1582 1166 1698 1236 partem

360 1258 453 1316 edidit
474 1257 602 1318 Carolus
617 1257 786 1335 Lanigerie,
809 1259 1052 1337 archiepiscopus
1069 1259 1256 1337 Algeriensis
1279 1260 1308 1317 in
1333 1260 1450 1332 litteris,
1471 1278 1546 1335 quas
1569 1260 1609 1318 ad
1631 1279 1698 1319 aca-

361 1361 489 1419 demiam
511 1359 773 1438 Francogallicam
795 1362 877 1419 misit
897 1363 932 1419 da
955 1361 1072 1420 l’atilitd
1092 1360 1180 1420 d’une
1200 1365 1319 1420 mirsion
1341 1361 1556 1438 araldolopiqus
1580 1381 1697 1438 parna-

359 1465 474 1520 asoted
493 1462 644 1538 Carthape,
666 1463 761 1540 Alget
778 1463 855 1522 1881
881 1461 934 1537 (ci.
950 1463 1097 1534 Delattre‚
1120 1463 1188 1521 hall.
1204 1464 1294 1540 e'pipr.
1318 1465 1352 1521 de
1375 1465 1405 1523 lo
1421 1461 1514 1521 Gaulo
1532 1464 1562 1522 11
1586 1463 1696 1539 (1882)

358 1583 387 1642 p.
403 1562 461 1622 179
478 1582 540 1640 seq.
563 1585 592 1623 n.
610 1563 757 1641 39-44).
790 1563 838 1624 De
860 1565 954 1624 altero
971 1565 1138 1642 sepulcreto
1160 1565 1286 1640 primum
1302 1565 1398 1623 edocti
1422 1582 1526 1624 sumus
1548 1566 1695 1624 relatione

357 1665 454 1743 ipsius
477 1665 632 1738 Delattrii,
655 1667 795 1726 stationis
817 1663 848 1726 S.
865 1666 1010 1726 Lndovici
1032 1667 1191 1738 antistitis,
1213 1666 1298 1726 cuius
1321 1667 1421 1725 ardori
1442 1667 1563 1726 curioso
1586 1668 1694 1726 utrius·

357 1785 416 1843 que
441 1767 573 1827 inventio
600 1769 747 1846 imprimis
777 1769 911 1828 debetur.
955 1769 1039 1827 Idem
1066 1769 1170 1827 titulos
1196 1789 1233 1828 ex
1255 1769 1308 1827 illo
1330 1768 1503 1828 eruderatus
1533 1787 1630 1846 usqne
1657 1770 1695 1827 ad

356 1871 436 1928 hunc
458 1870 536 1928 diem
558 1869 651 1929 edidit
672 1871 815 1930 ducentos
837 1873 956 1930 circiter
971 1880 1000 1929 et
1018 1871 1236 1948 quinquaginta
1257 1871 1289 1929 in
1304 1871 1543 1946 ephemeridibus
1569 1871 1610 1930 les
1631 1876 1695 1930 mis·

357 1975 435 2030 sicas
458 1971 643 2048 authalopum,
665 1970 762 2050 Lugd.
780 1993 805 2032 a.
825 1972 903 2032 1882
926 1994 954 2032 ιι.
972 1972 1041 2032 679.
1060 1973 1129 2031 680.
1152 1973 1222 2032 684.
1244 1971 1303 2032 685
1327 1979 1357 2031 et
1379 1973 1408 2031 la
1431 1973 1544 2031 Plance
1566 1973 1695 2033 illustria

357 2092 384 2131 a.
400 2072 478 2133 1882
499 2070 641 2148 13841)
664 2081 694 2131 et
715 2074 783 2132 dull.
799 2076 889 2151 e'pipr.
906 2077 940 2134 dc
956 2075 986 2132 la
998 2073 1092 2134 Gaulo
1106 2074 1137 2132 11
1158 2072 1267 2149 (1882)
1285 2092 1313 2150 p.
1326 2073 1385 2132 293
1398 2092 1492 2151 seqq,
1515 2073 1566 2132 111
1584 2075 1692 2151 (1883)

355 2193 385 2250 p.
397 2173 435 2232 25
451 2193 545 2252 seqq,
558 2175 597 2235 85
609 2193 704 2253 seqq,
720 2174 777 2234 182
790 2193 874 2252 seqq.
900 2177 1018 2236 Deinde
1033 2195 1111 2252 quae
1126 2195 1164 2234 ex
1180 2176 1332 2252 utriusque
1347 2176 1507 2252 sepulcreti
1522 2177 1693 2237 inventione

359 2277 434 2336 disci
456 2286 585 2353 possunt
606 2287 636 2336 et
657 2277 693 2336 de
710 2277 913 2338 Romanorum
935 2279 1050 2338 ratione
1071 2277 1234 2353 sepeliendi
1257 2287 1286 2336 et
1302 2277 1338 2337 de
1354 2277 1461 2337 domus
1482 2277 1692 2354 imperatoriae

357 2379 464 2438 officiis
488 2379 575 2437 etde
596 2380 676 2438 sacri
697 2380 857 2456 patrimoni
880 2379 1137 2439 administratione
1153 2387 1208 2438 oet.
1228 2379 1259 2437 in
1283 2379 1338 2437 hac
1359 2380 1428 2456 ipsa
1449 2379 1641 2456 ephemeride
1656 2381 1692 2452 V,

358 2480 527 2540 105-120
549 2481 639 2540 modo
661 2481 802 2556 exposuit
824 2483 1043 2554 Mommsenus,
1073 2489 1107 2539 ut
1133 2482 1170 2540 de
1195 2481 1241 2540 his
1268 2481 1358 2540 rebus
1384 2499 1440 2560 ego
1467 2500 1545 2558 quae
1568 2483 1692 2543 dicenda

357 2593 426 2642 sunt
447 2593 582 2660 repetere
603 2583 660 2641 hoc
682 2583 781 2642 saltim
803 2584 869 2643 loco
893 2583 1113 2662 supersedeam.
1149 2581 1262 2642 Contra
1283 2602 1322 2642 ex
1344 2583 1420 2660 ipsis
1443 2583 1549 2656 titulis,
1573 2594 1607 2644 ut
1621 2604 1691 2662 quo

355 2705 420 2745 rum
442 2704 551 2764 magna
573 2702 643 2762 para
665 2703 759 2761 usquo
782 2686 820 2744 ad
842 2687 920 2745 hunc
942 2686 1019 2744 diem
1045 2704 1104 2744 non
1132 2684 1277 2762 prodierit
1303 2685 1362 2744 nisi
1388 2685 1418 2743 in
1441 2685 1690 2763 ephemeridibus,

355 2806 431 2863 quas
454 2797 540 2846 extra
555 2785 686 2846 Galliam
709 2787 767 2846 sihi
788 2807 963 2866 comparare
986 2787 1161 2864 perdifficile
1183 2795 1238 2859 est,
1261 2804 1311 2844 eos
1334 2786 1470 2863 quidem,
1493 2789 1544 2864 qui
1568 2789 1690 2848 maioris

355 2889 415 2949 sint
437 2889 590 2961 momenti,
611 2889 659 2948 hio
681 2890 782 2948 statim
805 2889 891 2949 edere
913 2909 930 2948 e
952 2891 1095 2950 revisum
1118 2898 1172 2948 est.
1207 2886 1341 2962 Quorum
1364 2907 1435 2966 pars
1457 2891 1594 2950 maxima
1615 2909 1690 2950 nunc

355 2991 445 3051 etiam
468 2993 666 3052 adservantur
687 2991 717 3050 in
739 3008 843 3050 museo
867 2992 986 3050 condito
1013 2992 1044 3050 in
1068 2991 1195 3050 statione
1218 2988 1249 3050 S.
1268 2989 1430 3065 Ludovici,
1457 2993 1505 3050 cui
1532 2993 1612 3051 idem
1640 2993 1689 3052 ille

353 3091 522 3153 Delattrius
549 3103 683 3170 praeest,
718 3094 767 3152 ubi
793 3112 844 3153 sos
871 3093 1017 3171 descripsi
1046 3113 1106 3152 una
1133 3113 1201 3152 cum
1228 3093 1354 3170 reliquis
1380 3094 1518 3153 omnibus
1547 3105 1688 3154 autumno

353 3214 380 3254 a.
399 3194 488 3255 1882.
527 3194 653 3256 Centum
677 3195 817 3254 tredecim
838 3196 919 3272 iique
941 3214 1045 3255 omnes
1068 3195 1105 3254 ad
1127 3195 1325 3272 sepulcretum
1348 3197 1431 3271 prius
1453 3197 1608 3256 inventum
1625 3215 1688 3274 per·

353 3297 482 3357 tinentes
504 3297 641 3357 Parisios
663 3298 783 3357 abducti
806 3299 927 3357 suntin
948 3298 1158 3357 bibliothecam
1180 3297 1377 3371 nationalem,
1400 3315 1526 3374 quorum
1550 3299 1688 3377 exempla

351 3399 522 3477 accepimus
543 3399 772 3477 diligentissime
794 3401 931 3460 conlecta
952 3401 991 3460 ab
1015 3399 1141 3487 Allredo
1164 3397 1310 3460 Schoene.

1007 3568 1032 3628 I.

393 3689 568 3749 343-411
604 3688 800 3765 sepulcretum
834 3689 917 3768 prius
944 3689 1097 3749 inventum
1124 3689 1210 3748 iuxta
1228 3675 1371 3766 'piscinas
1402 3707 1496 3767 prope
1523 3691 1623 3751 vicum
1649 3689 1685 3750 el·

350 3789 465 3868 Molpa.

915 3897 943 3935 a.
987 3893 1125 3938 naturas.

349 4011 420 4073 843
446 4023 583 4092 portatus
605 4023 653 4074 est
673 4015 811 4074 Parisios
833 4015 863 4073 in
885 4015 1096 4076 bibliothecam
1118 4013 1350 4091 nationaleml).

843 4134 863 4174 n
886 4147 893 4162 ·
916 4134 942 4174 ιι
966 4148 972 4164 ·
996 4135 1039 4179 s·

768 4216 919 4260 suavius·
935 4218 1131 4263 rnarsauvs
1146 4233 1153 4248 ·
1169 4203 1257 4262 nilu-

789 4301 1258 4346 rso-vu·o·1=·rnrvu0n1·vr

788 4385 839 4428 rur
853 4400 859 4414 ·
876 4386 918 4426 nu
932 4387 1045 4430 ·xxv1u
1062 4401 1069 4416 ·
1082 4387 1136 4429 ιιιι
1148 4400 1155 4416 ·
1168 4388 1211 4429 ιιιι
1224 4387 1299 4429 ·νιιιι
1312 4399 1319 4414 ·

719 4472 731 4512 ι
870 4469 890 4509 ιι
917 4484 924 4498 ·
952 4469 967 4513 s
991 4484 998 4499 ·
1022 4471 1037 4512 s

787 4537 960 4611 vnusnsrvs
976 4566 983 4581 ·
999 4553 1130 4597 suavus
1146 4567 1152 4582 ·
1167 4553 1202 4595 ι·
1219 4553 1275 4595 ιιι

786 4636 890 4678 uratur
914 4653 921 4668 ·
942 4637 1044 4682 asans
1065 4651 1072 4666 ·
1097 4638 1135 4680 r·
1159 4637 1200 4680 c·

345 4731 517 4810 Descripsit
537 4734 575 4792 A.
592 4730 742 4805 Schoene;
768 4732 926 4812 Lanigerie
947 4753 976 4793 n.
995 4733 1063 4793 115.

406 4887 429 4951 ¹)
449 4891 523 4940 Hans
537 4892 737 4958 ephemeridem,
757 4911 815 4945 eum
834 4895 901 4944 nihil
919 4893 1014 4944 habeat
1032 4892 1102 4960 quod
1115 4909 1169 4945 non
1187 4894 1284 4959 pariter
1297 4893 1414 4945 invenias
1433 4894 1462 4946 in
1476 4893 1513 4945 lea
1525 4894 1592 4946 miss.
1605 4892 1678 4958 cuth,

345 4979 415 5032 inira
432 4997 486 5033 non
504 4983 624 5035 laudabo.

402 5070 427 5136 ²)
446 5075 543 5126 Moneo
562 5077 690 5142 legentem
709 5093 797 5130 omnes
817 5079 894 5128 huius
912 5077 1049 5144 sepulcreti
1069 5078 1157 5130 titulos
1177 5094 1241 5144 qnos
1260 5079 1371 5131 reseram
1391 5079 1424 5130 ab
1438 5079 1550 5132 Alsredo
1563 5081 1678 5135 Schoans

345 5167 490 5231 recognitos
517 5184 586 5219 nunc
605 5170 667 5220 itam
686 5169 795 5222 Parisiis
819 5171 951 5222 adservari
974 5171 1001 5222 in
1020 5169 1177 5222 bibliotheca
1196 5172 1334 5236 nationali,
1359 5172 1437 5240 idque
1461 5189 1504 5224 me
1526 5175 1554 5224 in
1578 5171 1679 5240 reliquis

344 5273 397 5310 uon
417 5274 471 5311 esse
488 5262 664 5328 repetiturum.
