3428 5834
422 549 722 602 osssavarrouss
749 550 1032 603 arrcuarrucns.
1322 533 1391 604 641

60 723 196 782 ostendit
217 724 387 800 exceptoris
411 725 589 801 chartaeque
611 725 885 801 commemoratio),
908 728 1045 786 convenit
1067 745 1133 785 cum
1154 727 1219 785 iure
1241 746 1277 786 ea
1299 734 1397 785 aetate

61 834 190 900 recepto.
227 827 412 895 Dementiam,
436 827 608 894 constitutio
632 829 675 885 ait
691 825 882 886 Constantini
897 825 1048 905 magni1),
1070 830 1114 888 uel
1135 832 1216 905 opud
1231 833 1397 905 proc-incia-

64 947 129 984 rum
151 937 271 986 rectores
292 928 337 986 cel
357 929 438 1004 apud
462 947 509 987 eos
537 929 637 1004 quibus
665 941 790 988 actorum
816 933 1049 1008 conficiendorum
1074 935 1118 990 ias
1145 941 1186 990 est
1212 934 1397 1003 decernimus,

61 1050 97 1088 ne
115 1032 235 1105 priuato
257 1033 367 1088 testatio
392 1072 418 1087 ..
434 1075 439 1088 .
449 1032 562 1107 sulcam
578 1033 665 1108 fidem
686 1034 768 1091 rebus
789 1037 952 1110 conpertis
972 1035 1109 1110 adflnpnt.
1146 1033 1316 1092 Postulatio
1333 1035 1397 1092 sive

61 1133 124 1190 litis
146 1132 331 1190 denuntiatio
356 1139 452 1190 utrum
474 1134 527 1191 liat
549 1135 684 1210 partibus
707 1136 915 1212 praesentibus
938 1154 975 1193 an
999 1137 1121 1194 absente
1144 1154 1210 1208 reo,
1237 1136 1295 1193 viri
1317 1135 1396 1192 docti

61 1232 270 1310 ambigunt²);
293 1235 350 1293 hoc
372 1235 499 1293 edietum
523 1255 588 1294 cum
611 1247 733 1314 propter
749 1238 981 1314 postulationem
998 1239 1188 1296 honorarium
1205 1239 1283 1296 solvi
1298 1238 1398 1296 iubeat

61 1357 124 1396 non
147 1336 306 1408 advocato,
334 1338 388 1395 sed
410 1338 577 1410 advocatis,
600 1338 645 1396 illi
668 1340 833 1398 sententiae
855 1340 952 1418 magis
974 1341 1069 1412 favet,
1092 1359 1271 1417 quamquam
1295 1359 1396 1399 verum

61 1449 122 1512 est,
151 1457 215 1498 cum
239 1439 374 1515 partibus
396 1439 500 1498 liceret
521 1441 621 1515 plures
643 1443 812 1501 causidicos
835 1443 996 1514 advocare,
1023 1443 1112 1500 etiarn
1136 1443 1259 1501 alteram
1282 1443 1397 1518 opinio·

61 1561 132 1601 nem
154 1561 220 1599 cum
248 1541 357 1617 plurali
384 1561 508 1600 numero
537 1560 629 1620 posse
656 1544 816 1601 conciliari.
866 1544 901 1600 In
927 1545 1129 1622 postulatione
1156 1545 1235 1621 quod
1262 1544 1397 1602 advocati

62 1645 174 1702 actoris
197 1653 297 1719 partes
319 1645 489 1702 necessario
512 1647 643 1722 potiores
666 1645 794 1718 suerunt,
817 1665 885 1704 reus
909 1646 1013 1705 adesse
1036 1648 1132 1724 potuit
1150 1656 1201 1705 aut
1216 1655 1332 1705 tacente
1347 1646 1397 1703 ad-

63 1755 173 1806 vocato
194 1746 291 1821 ipsius
314 1755 366 1803 aut
387 1747 462 1804 adeo
485 1747 549 1806 sine
572 1747 732 1820 advocato,
761 1748 791 1806 id
814 1767 873 1806 non
899 1749 1036 1824 impedit,
1066 1750 1225 1826 quominus
1252 1749 1398 1807 advocato

62 1851 123 1921 rei,
153 1850 178 1907 si
201 1849 307 1919 adfuit,
336 1850 366 1906 in
389 1849 466 1906 idem
488 1849 679 1907 honorarium
707 1851 754 1908 ius
777 1852 816 1909 sit
839 1839 927 1926 atque
950 1852 1074 1922 actoris;
1108 1870 1177 1909 nam
1204 1852 1298 1928 magis
1325 1860 1399 1909 tern-

61 1952 146 2030 poris
170 1961 310 2025 respectu
332 1970 421 2026 quam
444 1969 553 2027 operae
576 1952 768 2011 honorarium
791 1954 979 2012 aestimatum
1003 1972 1070 2013 esse
1092 1961 1323 2012 consentaneum
1343 1961 1398 2011 est.

63 2052 161 2114 Gesta
183 2073 248 2111 cum
271 2053 456 2111 sollemniter
479 2053 597 2112 duobus
620 2056 841 2132 exemplaribus
864 2055 982 2126 fierent,
1009 2075 1134 2132 quorum
1157 2056 1282 2114 alterum
1306 2055 1399 2114 actori

62 2157 241 2228 traderetur,
264 2156 389 2214 alterum
412 2174 474 2228 reo,
496 2157 622 2233 pluralis
645 2158 676 2214 in
699 2166 874 2235 exceptores
896 2177 1013 2234 quoque
1036 2169 1115 2217 recte
1138 2159 1275 2234 quadrat.

107 2257 392 2332 contradictionem
419 2268 543 2336 apparet
569 2260 781 2336 comprehendi
807 2279 883 2336 quae
906 2261 1089 2319 defensionis
1116 2279 1207 2319 causa
1233 2279 1302 2318 rcus
1329 2261 1398 2318 item

64 2362 145 2440 apud
169 2373 236 2420 acta
257 2360 327 2418 edit.
365 2358 509 2420 Similiter
530 2366 560 2420 in
583 2363 680 2420 edicto
697 2361 878 2420 Diocletiani
901 2362 937 2419 de
960 2363 1063 2438 pretiis
1079 2383 1177 2421 rerum
1199 2381 1224 2418 c.
1242 2363 1270 2434 7,
1296 2361 1397 2420 1213

63 2471 257 2544 praestantur
278 2465 417 2522 aduocato
439 2467 498 2522 siue
518 2467 589 2522 iuria
608 2469 703 2540 perito
725 2466 860 2523 mercedis
881 2468 912 2522 in
930 2465 1124 2540 postulatione
1150 2463 1288 2538 (denarii)
1313 2463 1398 2533 CCL,

63 2573 95 2626 in
118 2571 274 2642 capnitimre
295 2567 408 2624 denarii
429 2565 519 2637 mille,
549 2585 644 2642 neque
667 2567 744 2624 enim
767 2567 827 2625 nisi
849 2566 969 2624 nornine
992 2567 1133 2624 differunt
1155 2565 1349 2624 contradictio
1372 2572 1401 2622 et

63 2670 206 2746 cognitio.
256 2666 298 2726 Ut
325 2667 485 2726 secundum
513 2668 733 2726 Diocletianum
761 2669 923 2727 advocatus
951 2677 1073 2744 propter
1098 2668 1298 2744 cognitionem
1326 2686 1400 2743 qua-

64 2770 204 2846 druplum
229 2769 335 2844 accipit
357 2771 422 2827 eius
444 2787 587 2842 summae,
610 2788 686 2846 quae
705 2771 914 2847 postulationis
929 2789 1019 2828 eausa
1033 2771 1175 2848 exigitur,
1197 2771 1240 2828 ita
1254 2790 1289 2827 ex
1305 2768 1400 2827 edicto

64 2873 234 2932 consularis
249 2871 408 2930 Numidiae
431 2872 593 2930 advocatus
617 2880 739 2949 propter
761 2873 1024 2931 contradictionem
1048 2872 1169 2948 duplum
1194 2871 1226 2947 (5
1241 2892 1247 2928 τ
1264 2871 1325 2945 10),
1349 2891 1401 2928 ex-

64 2985 170 3053 ceptor
197 2974 262 3050 plus
289 2973 380 3050 duplo
408 2973 526 3049 (5:1⁴2)
555 2975 666 3049 accipit
691 2975 756 3034 eius
782 2976 861 3050 quod
889 2975 977 3032 datur
1002 2983 1126 3052 propter
1152 2973 1399 3050 postulationem

65 3080 189 3137 chartae
212 3085 309 3134 autem
332 3077 523 3152 requiruntur
545 3077 575 3133 in
601 3076 654 3134 illa
682 3077 832 3152 singulae,
859 3077 888 3134 in
915 3077 972 3134 hac
998 3085 1169 3152 quaternae.
1220 3075 1255 3132 ln
1282 3085 1400 3133 contra·

65 3181 196 3239 dictione
217 3197 283 3237 cum
307 3180 444 3238 advocati
467 3178 510 3236 rei
532 3188 633 3254 partes
657 3179 788 3254 potiores
811 3179 880 3250 sint,
903 3179 996 3236 nihilo
1019 3178 1118 3236 minus
1139 3185 1262 3256 propter
1276 3176 1401 3237 eandem

65 3302 157 3360 quam
181 3300 272 3359 supra
294 3282 377 3357 tetigi
399 3299 520 3339 causam
544 3281 654 3340 actoris
677 3281 839 3339 advocatus
862 3281 939 3338 idem
962 3280 1154 3339 honorarium
1178 3279 1295 3355 accipit.

114 3383 212 3442 Conso
233 3388 264 3442 in
285 3389 417 3460 urpuenti
431 3384 561 3459 finiendo
584 3402 648 3440 cum
671 3383 737 3459 ipsa
758 3383 1031 3458 interpretationem
1055 3401 1112 3440 non
1139 3383 1283 3457 requirat,
1311 3400 1401 3456 quae·

66 3507 137 3546 nam
160 3505 213 3544 eae
235 3505 341 3544 causae
363 3486 483 3558 fuerint,
507 3485 632 3544 edictum
657 3505 715 3544 non
739 3487 901 3562 significat;
927 3485 980 3544 sed
1003 3504 1068 3543 eum
1092 3492 1214 3560 propter
1236 3501 1288 3542 eas
1311 3483 1403 3542 semel

66 3599 181 3649 tantum
204 3589 349 3647 advocato
372 3589 528 3646 retributio
556 3588 641 3646 detur
663 3589 787 3646 summis
813 3589 909 3646 auctis
936 3587 1061 3664 (scilicet
1081 3605 1135 3661 pro
1155 3586 1263 3645 modiis
1285 3586 1349 3647 5÷
1365 3587 1401 3644 10

67 3693 180 3768 accipit
201 3710 238 3748 m.
255 3691 315 3765 15),
338 3690 499 3749 verisimile
522 3698 569 3748 est
590 3692 620 3747 in
642 3691 689 3747 his
704 3690 935 3767 postulationem
952 3699 981 3748 et
995 3689 1259 3748 contradictionem
1275 3688 1318 3744 ita
1333 3707 1402 3746 con-

66 3795 159 3872 iungi,
183 3803 215 3850 ut
238 3812 297 3849 una
319 3792 470 3850 audientia
493 3792 530 3850 lis
553 3792 682 3850 finiatur.

109 3897 237 3972 Definitu
258 3913 345 3952 causo
367 3895 437 3969 quid
460 3895 618 3971 significet,
640 3895 750 3970 ambigi
774 3903 885 3970 potest;
910 3913 977 3952 nam
1000 3893 1055 3952 etsi
1077 3894 1107 3950 in
1130 3899 1269 3968 promptu
1292 3901 1337 3948 est
1359 3893 1403 3950 iu-

66 3999 170 4075 tellegi
193 3997 369 4055 sententiam
392 4015 410 4053 a
432 3996 569 4073 praeside
591 3997 693 4065 latam,
717 3997 744 4052 id
768 3997 925 4071 quominus
949 3996 1141 4053 admittamus
1164 3994 1250 4071 plura
1273 3993 1402 4052 obstant.

66 4101 202 4159 Primum
224 4118 283 4156 non
300 4098 397 4170 video,
420 4118 480 4168 cur,
504 4099 531 4156 si
548 4099 582 4155 de
599 4098 745 4156 sententia
761 4098 961 4156 Mariscianus
978 4097 1130 4173 cogitavit,
1155 4096 1301 4154 sollemne
1317 4113 1404 4154 roca·

69 4273 276 4283 ,-.----

66 4419 172 4456 causam
191 4401 279 4452 ourlire
298 4403 408 4469 coeperit
436 4401 538 4467 aliaque
557 4402 652 4451 Leonis
670 4403 834 4466 Zenonisque
859 4401 935 4464 (Cod.
954 4401 1016 4450 Iust.
1034 4403 1075 4463 12,
1092 4401 1134 4463 25,
1154 4403 1180 4462 4,
1200 4399 1226 4460 2)
1251 4407 1275 4449 et
1293 4399 1405 4450 Zenonis

67 4497 145 4558 (Ood.
156 4496 221 4544 Iust.
234 4497 274 4557 12,
284 4497 327 4557 21,
337 4497 361 4556 8,
371 4495 412 4558 4);
433 4496 509 4545 etiam
524 4489 659 4560 μονομέρης
680 4488 783 4563 Ιντυχία
794 4494 859 4557 Lydi
880 4493 948 4555 (aide
961 4510 987 4558 p.
999 4493 1051 4543 638
1067 4509 1091 4542 n.
1101 4493 1127 4554 3)
1141 4493 1231 4544 eadem
1244 4506 1299 4542 esse
1312 4498 1404 4557 potest.

66 4589 119 4639 llla
138 4588 200 4654 quid
220 4587 346 4652 significet
359 4586 644 4652 disputatWierlingius
664 4585 709 4636 der
722 4583 918 4652 justr'uinnisclre
931 4583 1119 4652 Libellprocees
1137 4601 1163 4650 p.
1180 4585 1241 4635 197.
1256 4585 1317 4634 209.
1349 4585 1406 4634 Hoc

66 4682 180 4731 edictum
201 4695 257 4729 cum
276 4681 390 4744 requirat
409 4681 478 4744 quod
498 4679 608 4742 simplici
627 4679 794 4743 postulationi
815 4684 959 4742 opponatur
979 4685 1003 4728 et
1022 4694 1081 4728 vere
1101 4685 1202 4741 praeter
1219 4677 1285 4726 haue
1299 4677 1406 4726 alteram

66 4773 268 4840 postulationem
289 4772 396 4832 habeat,
422 4771 518 4820 scilicet
537 4770 747 4834 comprehensam
767 4785 845 4820 causa
864 4771 890 4820 in
909 4771 1026 4832 urguenti
1052 4770 1177 4830 finienda,
1204 4769 1341 4819 verisimile
1368 4775 1407 4817 est

69 4866 138 4915 hanc
158 4865 357 4929 postulationem
377 4863 485 4926 simplici
506 4864 610 4927 opponi.

131 4955 155 5015 ¹)
177 4956 206 5005 C.
221 4957 270 5005 Th.
292 4958 317 5016 2,
337 4958 363 5017 4,
384 4958 408 5004 2.
447 4954 738 5018 Bethmann-Hollweg
756 4954 773 5002 l.
788 4971 809 5000 c.
831 4953 846 5001 3
866 4968 890 5016 p.
906 4953 968 5003 235.

108 5045 153 5108 ’1)
172 5047 463 5111 Betbmann·llollweg
486 5043 654 5112 Cicilproceas
674 5047 689 5096 3
709 5061 734 5109 p.
750 5045 811 5094 235.

127 5136 153 5199 ³)
177 5135 377 5188 Corrtrudicteria'
396 5137 477 5188 libelli
494 5145 669 5188 memorantur
688 5139 713 5186 in
734 5137 915 5186 constitutione
935 5137 1027 5186 a.·100
1051 5137 1091 5198 (C.
1106 5139 1156 5189 'sla
1177 5139 1201 5198 2,
1222 5135 1321 5198 14,1);
1347 5152 1407 5185 aar·

65 5232 191 5282 rationem
206 5231 368 5298 propositum
387 5237 410 5282 et
429 5229 649 5282 contradictionem
669 5227 787 5280 obiectum
808 5228 884 5279 habet
903 5229 955 5278 alia
973 5243 996 5278 a.
1013 5229 1065 5280 030
1086 5229 1126 5292 (C.
1141 5231 1204 5280 lust.
1220 5231 1244 5291 3,
1267 5230 1290 5290 1,
1312 5229 1354 5290 14,
1368 5228 1405 5290 4)·
