3450 5842
331 560 402 632 636
906 572 1091 626 nonnssn

332 753 399 810 loco
428 771 486 810 non
515 750 743 827 quaeremus1);
778 748 967 826 cogitandum
994 750 1052 806 erit
1078 746 1265 824 potissimum
1294 748 1333 805 de
1360 746 1574 805 curatoribus
1601 765 1684 803 rernn

334 855 532 930 publicarum,
559 871 635 929 quos
658 859 778 912 constat
799 853 855 908 hac
878 859 974 908 aetate
998 859 1077 908 certe
1100 851 1130 906 in
1152 849 1316 924 provinciis
1340 849 1515 907 Africanis
1541 853 1686 925 magistre·

332 964 416 1014 tuum
438 955 662 1032 municipalium
686 955 785 1012 locum
809 953 973 1011 obtinuisse
995 961 1025 1010 et
1048 969 1120 1010 suae
1144 970 1291 1028 quemque
1318 952 1464 1010 civitatis
1494 951 1623 1028 negotia
1646 949 1686 1006 ad·

332 1059 532 1117 ministrasse.

377 1159 516 1220 Secundo
538 1159 631 1236 gradu
655 1159 786 1218 salutant
807 1157 974 1234 praesidem
997 1158 1124 1234 primum
1141 1156 1286 1214 officiales
1303 1157 1409 1232 ipsius
1428 1157 1599 1232 primores.
1636 1153 1685 1214 Sci-

333 1264 403 1320 licet
426 1283 490 1320 cnm
517 1279 641 1338 praeses
667 1261 839 1338 provinciae
867 1260 996 1317 officium
1024 1260 1145 1330 babeat,
1175 1259 1339 1316 secundum
1365 1257 1532 1316 Notitiam
1559 1257 1684 1334 Dignita-

331 1363 445 1440 mint),
473 1365 544 1422 hoc:
575 1365 600 1420 l.
624 1363 802 1440 principem3
832 1361 1127 1430 canicularium
1155 1363 1183 1419 3.
1200 1361 1683 1430 commentariensem;·t.adin-

333 1477 442 1537 tarem3
471 1467 498 1522 5.
516 1469 730 1534 numerarinm3
758 1463 785 1521 6.
809 1464 847 1519 ab
870 1463 959 1532 actis;
988 1463 1015 1520 7.
1039 1483 1057 1519 a
1080 1464 1207 1533 libellis;
1236 1463 1263 1522 8.
1286 1471 1498 1538 exceptores;
1530 1463 1561 1519 9.
1583 1471 1683 1519 ceteros

334 1568 548 1638 cohortalium,
571 1567 629 1624 hoc
651 1565 744 1642 gradu
769 1575 910 1623 vocantur
932 1565 1018 1640 primi
1042 1565 1101 1622 dno
1125 1567 1263 1641 princeps
1285 1575 1316 1622 et
1337 1564 1588 1622 cornicularius.
1626 1641 1632 1649 Ι

378 1667 474 1728 Simul
499 1678 641 1726 vocantur
663 1668 808 1737 Palatini;
836 1667 923 1725 aliter
951 1667 1028 1724 enim
1057 1667 1157 1725 hiatus
1184 1667 1297 1742 expleri
1326 1667 1447 1741 nequit.
1505 1665 1681 1725 Officialiun

333 1771 449 1829 scilicet
472 1771 530 1828 duo
553 1789 663 1846 genera
687 1781 757 1828 sunt
779 1769 1003 1846 magistratuum
1028 1769 1182 1842 maiorum,
1212 1787 1338 1844 quorum
1364 1777 1517 1844 potestas
1543 1789 1604 1827 non
1625 1787 1682 1825 eon·

333 1873 444 1930 tinetur
465 1873 552 1930 unius
576 1872 746 1948 provinciae
768 1872 892 1941 finibus,
921 1881 951 1929 ct
975 1871 1146 1946 praesidum
1174 1871 1415 1946 provinciarum
1448 1872 1481 1927 hi
1513 1871 1680 1928 cohortalini

332 1975 480 2050 appellari
503 1975 609 2046 solent,
633 1974 676 2031 illi
691 1973 878 2049 Palatini³);
902 1981 932 2031 et
952 1974 1042 2031 habet
1063 1975 1208 2032 rationem
1225 1972 1386 2031 Palatinos
1407 1991 1525 2032 omnes
1542 1973 1679 2031 admissos

332 2094 399 2134 esse
421 2095 481 2133 una
502 2096 569 2134 cum
592 2077 770 2151 primatibus
791 2076 907 2135 dnobus
929 2075 1190 2135 cohortalinorum.

375 2179 480 2236 Tertia
502 2179 565 2236 vice
587 2179 640 2253 qui
661 2179 890 2237 introducuntur
913 2181 1055 2248 coronati,
1085 2179 1121 2235 de
1143 2179 1180 2236 iis
1208 2177 1328 2236 difficile
1355 2185 1409 2236 est
1436 2185 1598 2248 statuere,
1624 2197 1677 2236 cun

331 2299 407 2355 quae
431 2279 635 2355 sequebantur
656 2280 686 2338 in
710 2280 808 2356 lapide
830 2281 1000 2338 oblitterata
1022 2280 1089 2337 sint.
1133 2278 1279 2337 Videntur
1301 2289 1407 2338 tamen
1431 2281 1543 2340 redire
1568 2282 1598 2338 in
1619 2299 1677 2338 con·

332 2384 486 2440 stitutione
508 2402 534 2440 a.
552 2383 611 2440 407
641 2379 876 2456 (C.Th.16,2‚
899 2379 953 2456 38)
979 2383 1089 2440 emissa
1112 2381 1150 2439 ed
1173 2381 1386 2459 proconsulem
1414 2382 1565 2454 Africae,
1595 2391 1626 2440 ut
1645 2383 1677 2439 tn

332 2485 495 2544 satisfieret
522 2485 659 2561 precibus
689 2485 897 2560 episcoporum
928 2503 963 2541 eo
993 2483 1060 2560 ipso
1089 2503 1167 2542 anno
1195 2481 1378 2560 Carthagine
1415 2495 1676 2563 congregatorum,

332 2605 409 2661 quae
439 2595 509 2644 sunt
536 2587 592 2644 hae
625 2585 708 2660 (coll.
735 2586 840 2643 concil.
871 2586 915 2643 ed.
944 2586 1040 2643 Mansi
1068 2588 1178 2644 tom.3
1206 2605 1235 2662 p.
1252 2584 1313 2644 802
1334 2612 1374 2636 =
1398 2591 1519 2646 tcm.4
1550 2609 1580 2665 p.
1596 2587 1676 2660 boll:

327 2690 481 2764 placuit..
497 2699 528 2746 ut
546 2697 646 2763 petant
668 2707 701 2745 ea
721 2692 833 2745 nomine
850 2691 1065 2763 prouinciarum
1087 2693 1209 2745 omnium
1231 2688 1319 2764 lopati
1340 2731 1394 2746 ...
1419 2708 1438 2745 a
1464 2693 1677 2766 ploriosiminir

331 2790 558 2866 imperatoribus,
582 2799 613 2848 ut
628 2791 693 2848 dent
707 2792 877 2866 facilitatem
900 2791 1060 2864 defensores
1084 2792 1270 2850 constituendi
1291 2790 1492 2850 scholasticos
1510 2799 1564 2870 qai
1579 2797 1606 2850 in
1621 2801 1676 2851 acts

331 2902 396 2951 sant
418 2893 462 2950 oei
482 2895 513 2949 in
535 2911 647 2950 inanem
670 2895 842 2968 defensionis
865 2911 1031 2964 causarum,
1053 2903 1084 2951 ut
1105 2912 1180 2952 more
1201 2893 1381 2952 sacedotum
1399 2898 1584 2970 prouinciae
1604 2895 1676 2952 ima

330 2998 401 3067 ipsi,
429 2998 479 3070 qui
500 2995 690 3067 defensionem
719 2997 899 3053 ecclesiaram
922 2999 1108 3072 susceperint,
1135 2997 1256 3054 labeant
1274 2984 1455 3070 facultatem
1482 3001 1675 3074 pronepotis

329 3098 514 3155 ecclesiarum
537 3139 564 3155 ..
580 3139 607 3154 ..
630 3099 743 3172 inpredi
764 3099 888 3156 iudicum
910 3101 1073 3156 secretario.
1119 3098 1263 3156 Adnuunt
1284 3098 1512 3172 imperatores:
1548 3101 1675 3176 (ecclesiis

330 3209 354 3255 et
376 3197 497 3273 clericis)
521 3199 572 3256 loc
595 3241 621 3256 ..
641 3203 828 3274 praecipuam
851 3209 877 3257 et
897 3199 1044 3274 sinpalare
1065 3201 1231 3274 dacium,
1260 3211 1291 3258 at
1313 3219 1522 3277 quaecamque
1550 3205 1585 3260 de
1604 3201 1674 3260 nolit

328 3301 370 3357 ad
391 3301 537 3358 ecclesia-m
559 3310 668 3358 tantam
685 3304 858 3378 pertinentia
880 3303 1042 3376 specialiter
1056 3303 1168 3376 suerint
1183 3306 1344 3378 impetrata,
1368 3321 1430 3360 aon
1441 3323 1506 3379 per
1522 3315 1674 3372 coronatos,

329 3401 380 3458 sed
400 3401 436 3457 ab
459 3403 614 3473 advocatie,
638 3423 732 3461 eoram
754 3403 906 3473 arbitratu,
930 3413 955 3461 et
974 3405 1115 3462 iudicibus
1131 3408 1303 3464 innotescant
1318 3413 1345 3461 et
1359 3409 1535 3465 sortiantur
1550 3409 1672 3482 offensa

330 3501 500 3560 Sacerdotes
523 3523 588 3561 cero
608 3507 771 3579 provinciae
795 3517 876 3564 erum
902 3506 1033 3576 solliciti,
1062 3526 1097 3565 ne
1123 3508 1173 3566 sud
1200 3508 1253 3565 leae
1278 3509 1389 3566 scilicet
1412 3511 1577 3586 priuilepii
1602 3527 1671 3568 eren

327 3608 435 3662 satione
457 3609 541 3663 etiam
567 3617 665 3664 eontra
691 3625 786 3664 eoram
813 3608 961 3666 utilitatem
986 3609 1101 3685 aliquid
1127 3610 1170 3668 dis
1197 3613 1339 3686 inseratur
1366 3613 1562 3670 incornmodi.
1608 3611 1671 3668 inde

326 3706 391 3764 iure
413 3707 588 3784 colligemus
611 3717 680 3766 ante
703 3728 769 3767 eam
791 3709 885 3787 legem
907 3708 1006 3767 datam
1025 3711 1075 3786 qui
1092 3711 1238 3770 ecclesiae
1254 3711 1374 3769 nomine
1391 3713 1547 3787 quiddam
1563 3734 1581 3772 a
1595 3731 1670 3791 prae-

327 3808 392 3866 side
415 3818 541 3885 peteret,
565 3831 618 3888 per
640 3821 814 3869 coronatum
838 3831 898 3868 rem
923 3813 960 3869 ad
984 3813 1151 3888 praesidem
1176 3813 1333 3886 detulisse,
1357 3814 1420 3872 iam
1450 3835 1530 3875 vero
1556 3817 1618 3875 lau
1639 3834 1668 3871 ea

326 3911 504 3970 advocatum
528 3913 670 3972 ecclesiae
692 3913 877 3970 defensorem
901 3915 1094 3973 constitutum
1116 3934 1175 3974 non
1196 3915 1414 3974 interveniente
1437 3932 1593 3979 coronato
1612 3935 1667 3976 cun

385 4141 408 4204 ¹)
429 4144 571 4193 Videantur
590 4159 655 4209 qnae
674 4146 838 4209 exposuimus
858 4147 1012 4212 Marquardt
1031 4143 1275 4213 Staotmenoaltnnq
1300 4148 1350 4209 (cd.
1368 4149 1395 4208 2)
1420 4150 1510 4200 vol.l
1538 4168 1562 4216 p.
1580 4153 1629 4201 164
1645 4157 1665 4196 et

326 4249 372 4298 ego
392 4235 563 4300 interpretans
582 4235 668 4286 album
686 4237 785 4287 ordinis
799 4239 1021 4302 Thamugadensis
1042 4239 1078 4300 (in
1092 4240 1140 4289 hac
1153 4240 1219 4304 Eph.
1239 4240 1318 4289 volit
1337 4255 1364 4303 p.
1378 4241 1412 4291 79
1423 4243 1495 4307 seq.)
1517 4244 1577 4293 huic
1590 4243 1663 4292 elimo

326 4327 441 4391 aequale.

384 4415 409 4480 ²)
429 4419 536 4471 Secutus
555 4436 611 4470 sum
631 4421 733 4471 schema
752 4421 797 4472 Or.
817 4439 839 4471 c.
854 4423 954 4473 XLIII.
974 4423 1062 4473 XLIV
1083 4422 1142 4485 (uisi
1163 4423 1232 4488 quod
1252 4440 1273 4473 c.
1287 4424 1385 4486 XLIV,
1410 4440 1505 4476 errore
1523 4427 1621 4476 librarii
1641 4432 1662 4473 rt

325 4511 435 4573 videtur,
456 4513 540 4562 delicit
560 4514 603 4577 qui
624 4519 663 4563 est
681 4528 698 4563 a
716 4513 829 4577 libellis).
866 4515 899 4564 In
918 4515 998 4564 altero
1017 4513 1078 4565 Oce.
1098 4531 1119 4564 c.
1133 4515 1233 4565 XLHI.
1247 4515 1336 4565 XLIV
1357 4517 1435 4566 tertio
1456 4519 1519 4569 loco
1537 4521 1662 4570 nominau-

323 4609 366 4651 tur
384 4601 509 4652 tabularii
526 4603 583 4666 dieo,
605 4621 662 4655 cum
682 4607 785 4655 deficiat
804 4607 894 4671 quinto
913 4607 1082 4669 numerarius,
1103 4615 1128 4656 et
1147 4623 1194 4671 pro
1214 4609 1258 4672 qni
1277 4615 1315 4657 est
1334 4625 1351 4656 a
1371 4607 1470 4660 libellis
1490 4614 1597 4676 ponitur
1613 4607 1661 4658 sul

325 4691 427 4744 abaco.
465 4697 601 4746 Praeterea
620 4713 641 4747 c.
656 4698 757 4759 XLIII,
777 4713 863 4748 errore
883 4700 997 4761 omnino,
1017 4699 1118 4748 adiutor
1137 4699 1269 4764 praecedit
1286 4705 1561 4754 commentariensem.

382 4785 407 4848 ³)
429 4787 470 4837 De
487 4803 516 4838 re
535 4795 597 4838 nota
616 4789 710 4838 sufficit
729 4791 859 4840 remittere
879 4791 913 4839 ad
933 4790 1089 4842 Gotholredi
1109 4793 1247 4856 paratitlnn
1268 4792 1297 4842 C.
1312 4793 1362 4842 Th.
1378 4794 1405 4858 6,
1420 4794 1468 4844 30.
1513 4799 1609 4846 Verum
1630 4801 1661 4842 est

324 4878 459 4928 Palatinos
478 4881 640 4944 potiseImum
660 4881 775 4944 intellegi
795 4882 918 4932 officiales
938 4884 1061 4932 comitum
1080 4897 1210 4934 sacramm
1228 4885 1397 4949 largit-ionum
1422 4893 1449 4936 et
1474 4905 1560 4940 rernm
1584 4887 1661 4953 prim

322 4976 457 5034 torumque
475 4973 587 5035 itemque
600 4974 735 5022 castrensis
748 4975 814 5022 sacri
828 4975 930 5039 palatii,
951 4983 1036 5025 utrum
1050 4978 1072 5026 is
1086 4977 1129 5041 qui
1143 4977 1260 5026 ordinem
1274 4977 1441 5029 salutationis
1456 4983 1562 5046 scripsit
1574 4981 1606 5030 dc
1618 4979 1661 5028 ilt'n

321 5062 481 5123 potissimum
502 5064 632 5126 cogitarit,
658 5080 721 5128 quos
740 5067 889 5131 saepissime
908 5068 935 5116 in
954 5068 1093 5132 provinciis
1113 5077 1227 5118 versatos
1253 5083 1309 5119 esse
1333 5079 1427 5123 notum
1453 5083 1506 5136 est,
1531 5089 1564 5124 an
1590 5073 1660 5122 etism

321 5151 446 5202 officiales
465 5155 650 5217 praefectorum
670 5159 812 5220 praetorio,
840 5159 883 5224 qui
902 5161 1007 5224 proprie
1032 5168 1091 5209 sunt
1114 5161 1294 5226 praefectiani,
1320 5169 1346 5212 et
1372 5167 1501 5218 comitum
1527 5167 1659 5230 durumque

321 5244 358 5291 rei
378 5245 496 5294 militaris
516 5246 606 5296 latiore
627 5262 700 5299 sensu
720 5250 853 5300 Palatinos
874 5253 979 5314 vocarit,
1000 5253 1101 5303 definiri
1122 5269 1173 5303 non
1194 5261 1285 5318 potest.
