3510 5828
107 531 140 583 15
679 531 880 586 neuterve.
1394 513 1438 586 11

108 692 140 764 di
162 697 212 764 nai
235 699 333 789 nidgria
354 693 607 764 uoertratuu'rrarrr
627 696 784 789 c'pu'favrrs
804 700 877 766 πολι)
899 698 1005 774 βάθος
1025 697 1072 764 nel
1087 705 1118 764 ἐκ
1132 708 1185 765 τῶν
1200 697 1330 789 riparius
1344 698 1444 791 καίπερ

109 793 199 866 ineu
214 799 341 866 marius
357 799 432 878 imus
447 801 607 889 δεξαμενὰς
621 800 793 880 nrncimrar.
824 810 992 888 Xenophon
1006 811 1159 890 Ephesius
1175 810 1204 884 4,
1221 807 1256 868 2:
1279 807 1317 871 ric
1330 799 1445 867 Ko'nrov

108 901 249 994 ἔρχονται
271 902 443 970 ...arcini
464 905 524 994 peip
545 905 663 982 πλῆθος
683 905 807 996 ἐμπόρων
828 905 859 970 ri
883 907 1009 971 δινδνιῖνν
1029 901 1063 982 ἦν
1082 913 1138 970 τῶν
1162 934 1193 970 rr
1218 907 1266 968 ἔπ’
1288 904 1445 970 Αἰθιοπίαν

113 1004 163 1071 καὶ
183 1015 240 1084 τῶν
261 1003 305 1070 ini
318 1007 439 1082 Ἰνδικὴν
461 1003 631 1086 φοιτώντων.
660 1013 777 1074 Plinius
788 1016 816 1074 h.
830 1033 858 1074 n.
872 1015 899 1088 b,
913 1014 941 1086 2,
956 1013 1010 1073 60:
1036 1012 1139 1092 Coptos
1154 1015 1320 1074 Indicarum
1335 1005 1444 1072 Arabi-

111 1136 268 1193 canemque
288 1120 421 1174 mucium
436 1115 507 1174 Nilo
525 1119 686 1192 proximum
708 1121 868 1194 emporium.
911 1118 939 1190 6,
956 1116 1004 1189 23,
1023 1114 1096 1175 102:
1119 1137 1138 1176 a
1154 1115 1242 1193 Copto
1258 1118 1372 1175 camelis
1388 1120 1446 1175 itur

112 1223 303 1297 aquationum
323 1222 432 1277 ratione
454 1218 645 1278 mansionibus
667 1220 832 1295 dispositis.-
850 1222 948 1296 prima
968 1219 1134 1296 appelletur
1147 1201 1445 1295 HydrmchXH:

111 1323 242 1382 secunda
263 1326 294 1379 r'n
316 1331 407 1380 monte
429 1321 488 1378 diei
508 1323 623 1380 itinere:
644 1324 727 1380 tertia
749 1325 779 1380 in
800 1322 889 1381 altero
904 1322 1099 1396 Hydreumatc
1120 1341 1139 1378 a
1162 1300 1448 1395 eopn'ffffl}

113 1425 218 1483 danda
239 1427 270 1482 in
291 1433 397 1482 monte:
419 1443 484 1482 moe
504 1425 545 1482 ad
558 1423 727 1500 Hydreuma
741 1423 887 1516 Apollipr'a
902 1442 921 1481 a
938 1423 1026 1500 Copto
1040 1424 1279 1483 CLXXXIIII:
1302 1440 1402 1481 rursus
1416 1424 1446 1478 in

113 1538 224 1586 monte.-
244 1545 310 1584 moa
331 1527 373 1584 ad
388 1544 490 1584 nouum
504 1525 674 1600 Hydreuma
688 1547 708 1585 a
726 1525 815 1602 Copto
833 1509 964 1587 CCXX]-
985 1537 1025 1586 est
1039 1536 1065 1585 et
1079 1527 1163 1586 allud
1176 1525 1344 1603 Hydreuma
1358 1533 1446 1594 uetus,

117 1630 340 1705 Trogodyticen
366 1628 556 1705 appellatum,
589 1629 639 1686 ubi
666 1631 847 1705 praesidium
874 1631 990 1688 meabat
1017 1629 1187 1688 revertente
1217 1630 1303 1686 duum
1329 1627 1447 1698 milium,

114 1733 208 1792 distat
229 1751 249 1788 a
262 1749 334 1788 nouo
348 1731 544 1806 Hydreumate
561 1713 641 1790 VT:
663 1733 728 1790 inde
743 1731 879 1791 Berenice
898 1734 1044 1808 oppidum,
1065 1732 1115 1788 ubi
1126 1739 1229 1807 portus
1243 1730 1336 1789 Rubri
1349 1732 1449 1799 maris,

115 1855 137 1892 a
154 1834 243 1911 Copto
259 1816 453 1908 dens—Hp.
480 1833 668 1892 Itinerarium
685 1835 831 1892 Antonini
852 1855 882 1914 p.
897 1835 952 1892 171
971 1835 1166 1911 similiterque
1181 1833 1448 1910 Peutingeranum:

117 1957 139 1995 a
159 1936 249 2012 Copto
268 1935 428 1994 Berenicen
449 1953 539 2011 usque
558 1955 594 1994 m.
614 1955 646 2012 p.
666 1933 747 1993 CCL
755 1936 838 1996 VIII
854 1940 911 1996 sic:
934 1977 990 1997 ...
1010 1937 1143 2014 Compasi
1165 1935 1328 2012 (Caepasio
1346 1933 1448 2008 Peut.)

119 2037 344 2115 ...Apollonos
360 2068 399 2080 -
417 2037 553 2098 XXVII
565 2071 605 2080 —
624 2036 744 2096 Cabalsi
766 2036 885 2114 (Cabcu
898 2039 1010 2115 Peut.).
1033 2071 1071 2084 -
1088 2039 1224 2102 XXVII
1236 2067 1273 2081 -
1293 2037 1386 2098 Cenon
1401 2036 1450 2112 Irp-
1545 2107 1547 2114 γ

119 2144 238 2201 dreuma
253 2173 295 2184 -
311 2139 434 2199 XVIII
445 2171 483 2182 -
499 2140 668 2198 Berenicen.
698 2138 799 2212 Lucci,
820 2141 934 2201 scilieet
955 2143 1100 2201 cisternae
1114 2157 1250 2218 maguae,
1272 2139 1335 2198 sire
1352 2128 1449 2218 ὑδρεύ-

118 2266 197 2314 ματα
220 2251 386 2313 auctorum,
408 2261 474 2300 cum
495 2243 533 2302 ab
555 2242 661 2302 iisdem
683 2243 733 2320 qui
756 2262 833 2321 opus
855 2244 1029 2321 primarium
1050 2243 1183 2302 iecerunt
1196 2241 1339 2300 militibus
1360 2241 1450 2298 labri·

119 2345 179 2405 cati
202 2345 264 2404 sint
285 2351 346 2402 tarn
368 2344 399 2402 in
418 2346 562 2420 portubus
577 2345 693 2406 duobus
708 2345 881 2406 Berenicide
896 2357 925 2406 et
939 2345 1125 2424 Myoshormi
1140 2363 1228 2422 quam
1243 2343 1274 2402 in
1289 2343 1452 2402 mansioni-

118 2450 176 2507 bus
199 2447 316 2506 duabus
337 2447 404 2506 viae
420 2445 519 2524 Copto
534 2447 749 2520 Berenicidem,
771 2447 939 2524 Apollonos
961 2459 992 2508 et
1006 2447 1159 2525 Compasi,
1181 2447 1353 2523 primarium
1376 2463 1452 2522 opus

119 2551 195 2610 illud
218 2550 330 2608 luerint
351 2567 474 2608 necesse
496 2558 542 2609 est
569 2550 632 2609 riae
659 2551 734 2608 duae
761 2571 780 2608 a
801 2549 873 2610 Nilo
902 2551 1044 2610 ducentes
1071 2551 1110 2610 ad
1137 2558 1240 2628 portus
1268 2547 1344 2607 duos
1371 2547 1452 2607 sinus

120 2652 254 2712 Arabici.
297 2651 360 2711 Eas
381 2653 472 2730 igitur
492 2653 558 2710 vies
579 2654 735 2730 Augustus
757 2653 871 2724 reiecit,
894 2655 1005 2730 pariter
1026 2663 1116 2730 atque
1138 2671 1228 2729 opere
1249 2651 1372 2710 militari
1391 2650 1454 2710 Nili

121 2756 223 2815 fossas
238 2754 380 2831 purgavit
399 2751 574 2830 (Suetonius
589 2757 668 2833 Aug.
687 2755 740 2828 1s;
762 2755 801 2815 cf.
815 2756 877 2816 Dio
893 2757 942 2830 51,
960 2754 1022 2832 18).
1055 2754 1179 2814 Titulus
1194 2761 1291 2812 autem
1308 2752 1455 2811 eiusmodi

124 2858 226 2936 operis
249 2857 311 2916 alio
333 2857 400 2915 loco
422 2857 505 2915 nullo
527 2857 669 2917 collocari
690 2859 789 2936 potuit
813 2877 903 2934 quam
930 2859 961 2917 in
990 2857 1088 2936 capite
1114 2857 1230 2915 viarum
1255 2855 1396 2926 duarum,
1424 2855 1455 2912 id

124 2968 172 3018 est
198 2957 299 3035 Copti.
348 2957 455 3036 Neque
481 2959 630 3035 perspicio
656 2980 710 3020 cur
735 2961 946 3037 Desjardinius
975 2959 1018 3036 (p.
1040 2958 1114 3036 218)
1148 2965 1261 3017 statuat
1288 2976 1356 3015 eum
1383 2957 1454 3015 olim

123 3061 297 3142 prostitisse
324 3061 354 3119 in
381 3060 483 3138 aliqua
508 3062 695 3122 mansionum
718 3081 835 3135 earum,
869 3063 921 3122 ubi
946 3063 1046 3121 laccos
1074 3080 1107 3120 se
1138 3061 1248 3120 iecisse
1281 3059 1390 3118 milites
1424 3059 1455 3117 in

123 3165 259 3224 auctario
283 3164 431 3234 scribunt,
458 3172 489 3223 et
508 3163 577 3221 inde
599 3162 729 3242 Captum
751 3165 852 3224 nescio
874 3164 1023 3241 quomodo
1046 3163 1178 3224 adlatum
1205 3181 1287 3234 esse;
1315 3181 1373 3220 non
1400 3161 1454 3238 hy·

125 3267 290 3326 dreumatis
311 3265 466 3324 cuiusdam
488 3265 604 3325 titulum
628 3286 684 3326 nos
700 3277 841 3342 tenemus,
865 3269 918 3327 sed
940 3267 1071 3326 universi
1093 3267 1204 3345 operis,
1226 3266 1310 3325 cuius
1329 3263 1455 3343 hydreu-

126 3379 207 3430 meta
229 3370 284 3429 illa
305 3387 376 3444 pars
399 3375 513 3427 tantum
535 3381 564 3428 et
585 3369 707 3446 sequela
727 3371 855 3430 luerunt.

168 3471 279 3532 Castra
300 3489 420 3548 quoque
443 3469 531 3548 Copti
552 3472 632 3532 laeta
654 3483 724 3532 sunt
745 3471 812 3532 viae
834 3474 991 3545 tutandae3
1025 3492 1092 3531 nam
1115 3471 1195 3549 quod
1217 3469 1326 3547 legitur
1351 3469 1381 3527 in
1405 3469 1456 3526 ad·

127 3576 291 3633 ditamento
313 3575 408 3658 altero
432 3583 556 3633 cestram
577 3577 794 3651 aedificaverunt
815 3585 840 3635 et
866 3579 1022 3652 resecarunt
1050 3575 1117 3633 loeo
1143 3592 1203 3632 non
1229 3573 1396 3644 enuntiato,
1425 3571 1457 3630 iu

129 3677 213 3734 titulo
229 3675 322 3750 Copti
343 3677 465 3734 invento
487 3677 553 3735 sine
575 3676 666 3735 dubio
689 3678 838 3754 significet
859 3687 959 3736 cestra
980 3677 1034 3736 illa
1055 3697 1091 3735 eo
1113 3677 1181 3754 ipso
1201 3676 1268 3734 loeo
1283 3675 1363 3734 faeta
1378 3692 1455 3732 esse.

130 3777 245 3851 Quibus
268 3777 363 3855 copiis
384 3779 465 3836 iacta
486 3778 555 3852 sint,
578 3798 616 3836 ex
639 3778 723 3838 titulo
744 3799 803 3837 non
826 3781 1024 3856 intellegitur3
1052 3779 1182 3838 fortasse
1204 3777 1318 3836 cohorti
1340 3776 1456 3835 cuidam

130 3880 317 3950 auxiliariae,
338 3899 407 3938 nam
429 3880 611 3956 legionariae
633 3881 670 3939 ad
692 3882 874 3956 praetorium
896 3881 957 3940 iere
978 3881 1190 3940 retinebantur.
1233 3882 1382 3938 Auctores
1405 3879 1458 3954 qui

131 3991 292 4060 supersunt
312 3989 478 4042 austrorum
495 3980 722 4060 Coptitauorum
745 3983 918 4043 memorium
940 3983 1053 4042 unllam
1077 3989 1234 4042 servarunt
1255 3999 1349 4057 neque
1369 3999 1457 4038 exeo

132 4087 195 4144 solo
223 4084 302 4144 tituli
329 4084 457 4143 militum
484 4085 538 4143 ulli
564 4085 738 4162 prodierunt
766 4087 823 4144 hoc
851 4097 987 4164 excepto.
1041 4085 1157 4159 Quarto
1191 4084 1309 4142 demum
1336 4083 1458 4142 saeculo

132 4198 256 4246 exeunte
278 4187 320 4245 ibi
342 4185 500 4246 stationem
522 4187 673 4246 habebant
692 4188 772 4266 legio
792 4187 1036 4248 IVelentiniaua
1056 4195 1085 4246 et
1106 4186 1221 4265 equites
1244 4185 1392 4264 sagittarii
1414 4185 1457 4243 in·

134 4290 254 4366 digenae
277 4287 362 4366 (Not.
377 4289 469 4364 Digu.
486 4287 538 4348 Or.
555 4291 604 4362 31,
621 4290 670 4349 26.
687 4290 753 4366 36).

171 4391 229 4453 Sed
251 4391 341 4470 longe
362 4391 574 4468 gravissimum
596 4399 656 4463 est,
685 4392 765 4470 quod
791 4393 870 4452 tituli
898 4393 1100 4468 patefecerunt
1124 4393 1275 4469 legionum
1296 4391 1459 4470 Aegyptia·

134 4513 230 4553 carum
254 4495 459 4554 condicionem
481 4493 659 4570 peculiarem
686 4503 716 4554 et
737 4497 774 4553 ab
800 4496 838 4554 iis
865 4504 943 4555 certe
968 4515 1044 4572 quae
1070 4497 1101 4554 in
1123 4495 1297 4556 Occidentis
1323 4493 1459 4570 partibus

135 4597 292 4656 tendebant
312 4596 400 4674 plane
421 4596 580 4655 diversam.
625 4597 843 4657 Demonstrent
863 4617 928 4655 eam
952 4617 1029 4675 quae
1050 4598 1284 4676 subscripsimus
1310 4617 1348 4655 ex
1370 4597 1460 4654 later·

133 4700 197 4757 celo
218 4707 365 4776 excerpta
385 4698 423 4756 ad
444 4699 575 4776 origines
598 4700 725 4758 militum
749 4701 880 4777 digesta,
907 4701 1016 4778 quibus
1039 4702 1224 4776 interponere
1246 4699 1358 4776 placuit
1384 4717 1460 4775 qnae

134 4811 286 4876 praeterea
312 4801 504 4859 innotuerunt
531 4801 568 4859 de
597 4801 733 4860 domibus
766 4802 891 4860 militum
925 4804 1075 4882 legionum
1108 4804 1231 4862 duarum
1261 4803 1292 4860 in
1319 4801 1459 4878 Aegypto

132 4903 359 4964 consistentium
385 4903 424 4960 ad
446 4902 569 4962 Traiani
597 4921 692 4980 usquc
718 4911 867 4982 tempora,
893 4904 923 4962 id
950 4915 997 4964 est
1022 4906 1070 4964 llI
1093 4904 1290 4984 Cyrenaicae,
1317 4903 1460 4980 quamdiu

133 5025 166 5066 ea
186 5008 216 5066 in
238 5007 382 5082 Aegypto
405 5015 501 5064 castre
523 5005 635 5080 habuit,
659 5015 689 5064 et
709 5006 807 5066 XXII
829 5006 1051 5066 Deiotarianae.
1096 5006 1261 5068 Omisimus
1282 5025 1342 5064 non
1365 5005 1460 5064 solum

133 5109 298 5183 praefectos
320 5117 352 5166 et
373 5107 508 5167 tribunos
529 5109 668 5182 militurn,
689 5108 743 5168 sed
765 5110 853 5168 etiam
877 5111 1077 5182 centurionem
1099 5129 1168 5168 num
1191 5128 1243 5170 eos
1265 5116 1383 5168 constat
1401 5125 1460 5165 non

77 5255 82 5268 .
134 5212 232 5271 eadem
255 5211 322 5292 lege
344 5210 440 5270 lectos
463 5228 529 5270 esse
551 5217 640 5288 atque
661 5211 805 5290 gregales.
