3518 5828
115 473 240 523 ars-aes
374 473 542 524 norcuvm
567 472 806 525 nrocnnrmm
831 473 881 522 nn
907 471 1049 524 rueras
1076 470 1212 522 annun.
1409 451 1454 518 87

122 575 596 588 —————-—·--———---

246 845 470 925 EDICTVM
497 846 818 924 DIOCLETIANI
845 846 912 922 DE
939 845 1131 921 PRETIIS
1157 845 1327 922 RERVM

500 1007 542 1084 (p.
562 1003 631 1064 801.
651 1006 739 1066 1055.
777 1005 854 1082 apa.
872 1004 915 1064 1v
937 1023 966 1081 p.
986 1005 1067 1082 reo).

281 1177 581 1240 FRAGMENTVM
604 1177 883 1238 LEBADIACVM
908 1177 1116 1253 QvAaTvat
1139 1179 1181 1254 (p.
1199 1177 1286 1254 812).

108 1317 183 1376 242
206 1317 343 1395 Paginac
365 1319 475 1393 prioris
498 1339 527 1376 v.
541 1316 642 1376 9-12
666 1318 790 1374 redeunt
812 1316 841 1372 in
864 1316 966 1376 tabula
983 1315 1193 1375 Geronthraen
1214 1317 1317 1392 quinta
1335 1335 1363 1372 a.
1377 1313 1449 1385 246,

153 1420 206 1477 ubi
224 1419 293 1478 vide
315 1419 468 1478 adnotata.
508 1421 534 1490 1,
552 1419 589 1477 22
614 1423 734 1499 supplet
749 1420 930 1481 Schmidtius
945 1418 1040 1476 Mitth.
1058 1418 1304 1476 ursarum.1nst
1323 1418 1338 1473 7
1364 1437 1392 1473 n.
1410 1416 1448 1474 29

154 1512 308 1596 [φ]α’κε>.οι
332 1513 457 1598 aquetur]
482 1522 544 1578 sive
567 1513 682 1601 arinen}
728 1524 810 1581 Idem
834 1524 975 1581 observat
996 1520 1135 1596 paginam
1159 1519 1353 1594 posteriorem
1369 1518 1448 1592 frag·

151 1624 244 1680 menti
264 1621 429 1680 Lebadiaci
451 1624 547 1698 quarti
573 1634 602 1682 et
628 1627 744 1683 tertiam
774 1624 930 1700 fragmenti
954 1621 1153 1680 Geronthraei
1181 1621 1276 1695 quinti
1305 1619 1341 1678 ad
1369 1618 1446 1676 idem

151 1735 242 1799 caput
265 1724 445 1800 pertinuisse
467 1743 624 1784 recensens
647 1728 869 1785 medicamenta.

338 1943 527 2002 EXEMPLI
553 1944 745 2004 THEBANI
775 1945 839 2004 FR.
863 1945 894 2002 11
921 1943 1012 2019 (Eph.
1028 1943 1074 2002 IV
1097 1963 1125 2021 p.
1145 1943 1227 2018 180).

105 2062 180 2121 243
203 2063 392 2140 Recogaovit
414 2064 477 2120 ioh.
495 2063 630 2125 Schmidt
651 2075 681 2124 ct
702 2074 841 2142 ectypum
863 2065 1002 2140 sumpsit,
1024 2082 1083 2140 quo
1105 2082 1171 2122 mea
1192 2063 1280 2121 lectio
1305 2062 1444 2120 universa

149 2166 354 2224 confirmatur.
388 2165 482 2225 Addit
498 2165 633 2226 Schmidt
647 2169 673 2239 1,
690 2169 708 2224 4
731 2169 811 2225 cerni
826 2167 877 2238 Μ,
901 2167 994 2226 videri
1017 2165 1111 2224 fuisse
1133 2181 1178 2236 183
1201 2165 1271 2223 item
1287 2165 1317 2222 in
1334 2164 1444 2240 pagiua

148 2268 247 2325 altera
268 2267 350 2325 addit
372 2275 440 2325 ante
462 2269 591 2343 primum
613 2287 731 2328 versum
748 2289 845 2329 meum
861 2269 1129 2346 cerniffxsupra
1144 2282 1166 2324 0
1182 2285 1286 2326 versus
1302 2266 1442 2344 proximi.

153 2401 192 2413 -·
220 2354 434 2450 tfin.a1>-
463 2371 496 2428 11
529 2385 665 2452 Q..

323 2511 361 2516 ““““
730 2516 788 2520 -—
824 2511 1231 2520 .-...·-———.-.-—--—-.-.——
1240 2509 1441 2515 --..—..-—.....

507 2579 743 2640 EXEMPLVM
769 2580 1045 2642 THMSPIENSE.

100 2700 176 2759 244
201 2699 347 2777 Thespiis
369 2699 614 2777 (Eremokastro)
636 2721 699 2779 rep.
722 2703 800 2760 inter
822 2701 929 2761 rudera
952 2701 1052 2779 oppidi
1076 2699 1200 2774 antiqui.

593 2825 729 2892 stra
835 2866 855 2881 ..

602 2931 839 2984 carnaea
887 2914 985 3007 seipas

604 3036 791 3086 curamue
826 3021 936 3096 τρίτης

602 3143 669 3186 ano
690 3144 798 3188 arnor
821 3119 969 3204 παχέως

570 3179 851 3314 Q

97 3353 277 3427 Descripsit
303 3352 367 3409 Ioh.
392 3349 527 3410 Schmidt
559 3364 589 3409 et
620 3357 758 3426 ectypum
784 3351 863 3408 fecit.
916 3351 971 3410 Ed.
1001 3350 1198 3408 Kumanudcs
1229 3344 1383 3418 Ἀθηναῖον
1417 3349 1433 3404 7

95 3453 216 3528 (1878)
240 3473 267 3528 p.
285 3453 355 3511 289.

148 3559 160 3612 i
189 3575 249 3612 non
273 3555 389 3611 ridetur
411 3554 502 3612 fuisse
524 3554 602 3628 quod
626 3561 818 3630 expectemus
842 3544 958 3634 ψώραης
979 3545 1094 3636 πρώτης.

146 3657 280 3714 Pertinet
301 3657 339 3714 ad
361 3657 457 3714 locum
479 3655 627 3732 quendam
649 3674 674 3713 c.
692 3655 739 3728 18,
762 3662 835 3732 puta
856 3675 884 3714 v.
902 3653 929 3713 2.
947 3655 975 3714 3.
992 3657 1021 3714 4.

351 3891 649 3952 FRAGMENTVM
681 3889 960 3950 LEBADIACVM
988 3891 1193 3966 QVINTVM.

97 4011 173 4071 245
208 4011 354 4070 Livadiae
380 4013 529 4070 Iohannes
558 4009 695 4069 Schmidt
726 4011 900 4088 fragmentis
933 4021 1073 4087 quattuor
1100 4021 1188 4070 antea
1221 4012 1299 4071 notis
1325 4013 1436 4072 trustra

143 4114 289 4189 quaesitis
312 4114 443 4190 repperit
463 4114 598 4189 quintum
622 4112 719 4171 adhuc
741 4114 876 4190 ignotum
898 4113 1076 4172 collocatum
1101 4115 1131 4172 ia
1157 4114 1269 4190 pariete
1294 4115 1436 4174 ecclesiae

144 4215 299 4290 Panugiae
322 4213 452 4272 Eleusae
475 4215 625 4290 ediditque
648 4215 685 4272 ad
708 4214 886 4298 exemplum¹
905 4225 934 4272 et
961 4223 1097 4292 ectypum
1120 4215 1253 4274 Mutant.
1281 4219 1330 4275 des
1355 4219 1434 4276 arch.

144 4319 276 4375 Instituts
298 4320 327 4373 in
349 4314 442 4374 Athea
465 4317 482 4374 5
506 4314 616 4390 (1880)
639 4336 667 4392 p.
683 4317 721 4373 70
744 4297 976 4374 additaftabuta.
1020 4317 1153 4393 Paginee
1175 4328 1338 4392 supersunt
1359 4319 1435 4378 dune

142 4418 230 4476 iuxta
256 4418 385 4494 positae,
415 4437 538 4495 quarum
568 4418 650 4492 prior
679 4419 812 4476 continet
839 4415 956 4476 Graeca
983 4419 1195 4495 respondentia
1216 4418 1333 4478 Latinis
1363 4441 1388 4479 c.
1408 4423 1435 4492 l,

143 4520 183 4577 33
201 4552 240 4560 —
256 4520 327 4590 cd,
344 4521 373 4592 4,
396 4521 543 4594 posterior
569 4519 780 4596 respondentia
802 4518 920 4578 Latinis
943 4539 967 4576 c.
986 4519 1013 4590 t,
1036 4519 1150 4578 1-25.
1194 4521 1262 4579 Hoc
1286 4523 1434 4598 fragmen·

143 4631 205 4678 turn
227 4621 410 4696 pertinuisse
432 4621 469 4678 ad
492 4622 659 4697 exemplum
679 4621 828 4679 diversum
845 4621 883 4677 ab
898 4640 944 4692 eo,
968 4619 1045 4679 unde
1060 4629 1200 4697 quattuor
1215 4623 1276 4681 alia
1290 4622 1434 4683 Livadiae

140 4733 262 4798 reperta
283 4732 457 4798 supersunt,
479 4723 549 4780 inde
571 4723 758 4798 potissimum
784 4722 965 4782 Schmidtius
988 4723 1099 4795 effecit,
1122 4725 1201 4800 quod
1223 4744 1248 4782 e.
1267 4725 1294 4798 7,
1314 4725 1432 4785 18-23

140 4825 169 4882 in
195 4832 321 4900 utroque
344 4823 508 4900 exemplari
525 4824 567 4882 ite
583 4824 702 4896 adsunt,
726 4834 756 4882 ut
771 4825 853 4881 nullo
870 4823 957 4882 modo
973 4824 1049 4883 inter
1064 4845 1097 4884 se
1112 4835 1259 4903 aptentur.
1297 4827 1434 4905 Diligen-

139 4927 288 4985 tissimam
311 4925 474 4983 editionem
496 4945 561 4983 cum
585 4925 673 4984 facile
695 4927 746 5002 qui
771 4927 849 4984 volet
871 4927 948 4984 inter
964 4945 997 4983 sc
1012 4937 1173 5006 comparet,
1196 4927 1332 4987 hocloco
1349 4931 1434 4987 suffi-

138 5049 206 5086 cere
230 5027 326 5086 visum
350 5015 404 5084 'est¹
420 5026 576 5085 lectionem
594 5025 749 5086 Schmidtii
772 5048 836 5085 cum
855 5028 1069 5104 supplementis
1084 5031 1147 5089 eius
1162 5039 1295 5107 repetere
1310 5031 1435 5090 adiectis

137 5129 385 5189 adnotationibus
408 5129 586 5204 quibusdum
609 5129 646 5186 eb
669 5130 736 5207 ipso
759 5129 820 5186 fere
843 5129 1020 5206 adsumptis.
