3428 5834
431 569 729 623 cassavarronns
756 570 1043 622 ueranurmuas.
1331 553 1402 622 645

62 745 256 804 cissitudines
278 744 337 802 hoc
359 743 449 802 modo
472 743 508 800 ad
531 744 687 802 universas
710 745 882 819 provincias
904 745 1162 822 propagabantur,
1185 745 1319 820 generali
1341 745 1405 820 lege

64 848 196 908 militum
218 847 382 923 gregalium
405 863 541 904 annonas
564 848 740 922 capitusque
762 847 805 904 ita
827 846 1019 917 adamarunt,
1045 857 1078 905 ut
1099 865 1168 903 vere
1190 847 1229 902 ad
1250 847 1406 923 pecuniam

65 969 174 1010 rursus
197 947 456 1025 redigerentur¹);
480 947 510 1006 id
532 949 610 1023 quod
634 948 673 1006 ad
695 949 846 1025 sportulas
869 967 985 1024 quoque
1008 947 1179 1024 pervenisse
1195 948 1335 1007 credibile
1350 955 1404 1006 est.

65 1053 132 1112 Eae
155 1063 253 1110 autem
276 1069 422 1121 annonae,
444 1068 521 1125 quae
543 1051 666 1108 maioris
689 1051 800 1127 gradus
822 1051 965 1108 militibus
987 1050 1234 1126 praesidibusque
1250 1050 1405 1110 solveban-

65 1165 129 1226 tur,
157 1161 276 1212 vetusto
299 1171 395 1223 more,
425 1153 538 1210 scilicet
561 1153 598 1210 ad
620 1153 717 1228 pretia
738 1153 796 1210 fori
818 1148 982 1228 urbani2),
1010 1151 1226 1210 adserebantur
1247 1170 1341 1228 usque
1367 1155 1406 1211 ad

66 1256 272 1315 Theodosium
297 1255 469 1314 secundum.
517 1255 672 1324 Omnibus,
694 1255 789 1312 edixit
810 1255 836 1314 is
857 1275 883 1312 a.
899 1250 1015 1330 439³),
1039 1265 1096 1312 tara
1116 1257 1185 1312 uiris
1207 1255 1405 1330 spectabilibus

65 1377 154 1436 quana
175 1363 247 1416 airis
267 1358 433 1416 clarissim-is
456 1361 505 1433 qui
524 1376 578 1432 per
596 1360 775 1432 prouinciam
802 1361 860 1415 sire
884 1359 1035 1414 militarem
1064 1361 1122 1414 siae
1150 1357 1257 1414 ciuilem
1283 1359 1405 1416 admini-

65 1465 232 1520 strationem
257 1472 357 1536 perum
462 1463 492 1516 in
515 1460 689 1535 praebendis
715 1460 832 1518 solaciis
859 1478 1038 1518 annonarum
1065 1460 1110 1516 bic
1130 1461 1207 1536 sicus
1234 1479 1269 1516 aa
1295 1459 1405 1518 stabilis

66 1564 226 1622 screabimr
246 1564 355 1633 modus,
377 1572 408 1619 ut
429 1581 462 1620 ea
480 1581 536 1637 pro
559 1567 679 1620 annonis
702 1566 843 1638 strepitu
866 1563 1000 1637 dipnitati
1021 1581 1091 1620 suae
1109 1563 1210 1620 debitis
1230 1565 1322 1638 pretia
1340 1581 1405 1620 con-

66 1675 239 1742 sequantur,
273 1684 347 1740 quue
368 1664 595 1740 particularibus
624 1664 845 1740 delegationibus
874 1665 964 1722 solent
993 1667 1137 1722 contineri.
1194 1664 1242 1721 Ab
1270 1683 1306 1722 eo
1335 1665 1405 1722 inde

65 1776 203 1845 tempore
225 1767 448 1843 delegationibus
468 1769 709 1842 particularibus,
738 1767 851 1825 seilicet
872 1767 977 1825 formis
1006 1767 1044 1824 ad
1071 1767 1207 1844 singulas
1235 1765 1405 1842 provincias

65 1870 206 1942 derectis,
229 1870 388 1946 unicuique
411 1869 598 1946 magistratui
620 1869 779 1927 officialive
803 1887 862 1928 non
885 1869 983 1928 solum
1000 1878 1098 1927 certus
1114 1885 1255 1927 numerus
1271 1885 1405 1926 annona·

65 1992 133 2031 rum
155 1981 185 2030 et
207 1973 357 2048 capituum
380 1972 510 2030 adscribi
533 1981 656 2047 coeptus
680 1979 733 2044 est,
757 1973 809 2030 sed
831 1972 900 2030 item
920 1991 1024 2031 eorum
1047 1971 1198 2030 adaeratio
1221 1971 1329 2030 solidis
1353 1990 1405 2028 ex-

66 2072 229 2152 pressa⁴);
252 2074 284 2132 id
306 2083 351 2132 set
373 2075 512 2133 restituta
534 2075 651 2132 interim
675 2083 795 2132 moneta
814 2075 875 2132 iam
892 2075 1031 2132 universa
1047 2074 1265 2132 administratio
1281 2073 1404 2132 retentis

67 2177 222 2236 vocabulis
244 2197 276 2236 re
298 2177 337 2235 ad
359 2177 538 2236 solutionem
561 2177 763 2251 pecuniariam
779 2177 867 2235 rediit
881 2176 1076 2235 frumentaria
1092 2176 1217 2235 sublata.
1253 2175 1339 2234 Haec
1353 2177 1405 2252 qui

65 2287 147 2337 recte
169 2279 329 2349 intellexit,
351 2279 418 2337 dico
440 2278 739 2337 adfrumentationcm
763 2278 803 2354 (si
827 2281 915 2337 venia
937 2287 983 2338 est
1006 2279 1112 2354 verbo)
1135 2279 1280 2355 pecuniae
1295 2286 1404 2336 etrur-

66 2398 118 2440 sus
141 2380 363 2440 adaerationem
386 2381 534 2455 frumenti,
558 2381 646 2439 simul
669 2391 804 2439 monetae
821 2381 977 2440 Romanae
1000 2381 1166 2438 struinam
1189 2389 1219 2438 et
1240 2381 1405 2439 restitutio·

66 2503 135 2542 nem
158 2484 258 2542 auimo
280 2483 518 2559 comprehendet.

107 2585 205 2644 Modii
227 2586 275 2644 ubi
300 2586 428 2662 primum
455 2586 654 2656 nominantur,
688 2586 872 2663 significatur
901 2586 1033 2662 intellegi
1058 2585 1194 2657 Italicos3
1228 2603 1297 2644 nam
1318 2585 1404 2644 Itali·

66 2687 140 2763 c[os]
170 2691 259 2747 turiei
283 2689 391 2746 modios
417 2689 447 2745 in
473 2689 573 2766 lapide
601 2689 709 2762 luisse,
740 2707 813 2760 non,
840 2699 872 2746 ut
901 2688 1058 2766 proposuit
1081 2685 1263 2747 Schmidtius
1289 2695 1403 2758 noster,

64 2790 206 2865 Italiesil,
241 2789 368 2849 efficitur
394 2810 432 2848 ex
456 2791 667 2849 constitutions
695 2809 721 2848 a.
739 2791 799 2849 445
827 2790 908 2864 (nov.
930 2790 1110 2850 Valentlll
1137 2793 1181 2850 tit.
1202 2790 1253 2863 18,
1282 2789 1330 2865 4):
1361 2793 1403 2848 r'a·

65 2893 162 2950 bemus
191 2895 294 2966 inferri
326 2936 359 2950 ..
391 2896 475 2950 tritici
506 2895 547 2950 ad
577 2893 706 2969 stapulas
738 2894 845 2951 solidos
871 2893 991 2952 Italicos
1023 2895 1132 2951 modios
1154 2892 1215 2950 XL
1249 2903 1273 2950 et
1306 2895 1403 2950 carnia

59 2996 160 3071 pondo
187 2993 346 3067 COLXX,
373 2998 432 3052 vini
457 2998 596 3054 sectarios
621 2993 675 3054 CC.
724 2994 830 3070 Neque
857 2995 983 3054 adiectio
1010 2995 1157 3066 abuudat;
1189 3013 1257 3052 nam
1285 3003 1404 3071 praeter

63 3097 220 3173 vulgarem
243 3098 322 3174 apud
335 3097 489 3157 Romanos
511 3097 568 3155 hae
590 3105 686 3156 aetate
708 3107 891 3157 castrensem
915 3098 1047 3156 modium
1069 3099 1099 3156 in
1123 3115 1180 3156 usu
1196 3097 1289 3156 fuisse
1304 3105 1403 3155 osten-

64 3198 110 3256 dit
132 3198 259 3258 edictum
280 3199 463 3258 Diocletiani
490 3218 550 3258 non
572 3201 665 3259 semel
690 3201 728 3260 ad
754 3220 820 3259 eum
849 3199 975 3275 pretium
1003 3189 1214 3259 determinans.
1262 3199 1402 3258 Italicum

125 3499 150 3565 ¹)
171 3503 201 3554 C.
216 3505 265 3555 Th.
282 3505 306 3565 7,
321 3506 347 3566 4,
363 3506 405 3554 22.
426 3505 469 3554 23.
491 3502 533 3554 29.
556 3505 598 3555 36.
641 3505 711 3556 Haec
732 3505 773 3554 lex
794 3506 854 3555 anni
875 3506 929 3555 424
953 3506 1050 3570 optime
1069 3504 1180 3555 illustrat
1199 3511 1291 3556 statum
1317 3504 1402 3553 diver-

63 3612 123 3646 sum
144 3597 188 3660 qui
207 3603 260 3646 tum
280 3596 391 3646 obtinuit
409 3597 582 3646 adaerationis
606 3598 633 3646 in
657 3597 783 3647 militibus
807 3606 832 3646 et
856 3599 883 3647 in
906 3598 1065 3662 praesidibus
1089 3599 1256 3663 ducibusque:
1283 3611 1401 3646 annonae

64 3703 133 3754 quac
154 3703 170 3737 a
189 3689 313 3752 dignitate
332 3705 384 3739 non
403 3691 515 3754 pendent
533 3689 689 3739 adserantur
707 3691 845 3740 secundum
865 3690 975 3740 formam
994 3697 1143 3755 perpetuam
1162 3704 1322 3740 annonarum
1345 3689 1401 3737 uni-

64 3782 147 3832 versis
166 3781 288 3830 militibus
308 3781 466 3831 sollemniter
485 3781 673 3843 attributamm,
694 3796 739 3831 eae
758 3789 842 3832 autem
862 3796 927 3847 quae
946 3797 962 3832 a
981 3782 1105 3846 dignitate
1119 3783 1231 3846 pendent
1245 3781 1402 3830 adserantur

63 3873 207 3923 secundum
227 3874 307 3936 pretia
324 3874 375 3923 fori
396 3889 481 3923 rerum
500 3874 637 3923 venalium.
673 3875 749 3924 Unda
768 3876 828 3924 item
847 3875 1004 3938 intellegitur
1023 3888 1068 3923 cur
1086 3872 1273 3938 protectoribus
1294 3871 1335 3934 (C.
1349 3871 1400 3921 Tb.

64 3967 91 4027 7,
107 3967 132 4024 4,
152 3965 184 4014 10
205 3979 228 4014 a.
243 3965 305 4026 364)
326 3973 350 4015 et
370 3966 571 4031 primipilaribus
596 3966 636 4029 (C.
651 3967 701 4028 Th,
723 3966 788 4028 8,4,
804 3967 837 4016 19
857 3979 880 4015 a.
896 3967 958 4027 396)
982 3967 1021 4015 ius
1040 3965 1167 4015 tribuatur
1186 3979 1347 4015 annonarum
1367 3962 1401 4012 ad

61 4058 149 4123 pretia
167 4057 219 4107 lori
238 4058 330 4108 urbani
350 4059 570 4122 adserendamm3
591 4059 687 4108 scilicet
706 4065 882 4122 exaequantur
900 4058 937 4107 ita
955 4057 1133 4121 dignitatibus.

123 4146 149 4211 ²)
169 4149 299 4211 Abusum,
323 4157 352 4200 ut
371 4167 418 4216 pro
438 4157 507 4200 certo
531 4166 637 4200 numero
661 4151 790 4216 capituum
814 4156 910 4200 certum
934 4149 1034 4214 pondus
1057 4150 1113 4200 auri
1136 4148 1296 4213 exigeretur,
1322 4147 1401 4197 modo

60 4256 111 4308 pro
132 4241 222 4304 CXX,
243 4243 320 4293 modo
339 4259 386 4308 pro
406 4243 468 4306 LX,
491 4245 569 4294 modo
589 4259 635 4309 pro
654 4244 725 4294 XIII
744 4243 870 4308 capitibus
890 4242 965 4292 solidi
985 4243 1091 4306 singuli,
1115 4241 1232 4308 reprimit
1251 4240 1399 4290 constitutio

62 4335 158 4384 2412
178 4335 274 4385 cah.
296 4337 321 4398 7,
341 4338 366 4398 4,
388 4336 431 4385 32.

122 4423 148 4487 ³)
173 4426 420 4490 c.1ust1‚5s,1.
458 4427 521 4478 Post
540 4427 689 4478 clarissimis
708 4429 789 4478 delevi
811 4428 961 4478 vocabulum
981 4426 1113 4478 iudicibus.

122 4517 148 4579 ⁴)
174 4519 215 4569 De
238 4521 279 4569 his
304 4521 463 4570 documentis
487 4522 583 4585 optime
611 4522 730 4586 exposuit
754 4521 851 4571 Paulus
869 4522 986 4586 Krusger
1012 4518 1101 4570 Kritr'lc
1124 4518 1169 4569 des
1188 4515 1401 4586 justiniaaimbea

64 4609 153 4662 codex
174 4628 200 4676 p.
217 4612 350 4677 lbOseq.;
374 4613 420 4662 sed
444 4628 509 4678 quae
532 4615 565 4664 de
591 4615 688 4664 vicibus
712 4613 897 4679 generibusque
921 4615 1094 4664 adaerationis
1119 4613 1231 4677 scripsit,
1258 4611 1321 4660 mihi
1346 4625 1400 4660 non

59 4704 192 4770 probarit.
224 4705 257 4754 In
276 4705 365 4755 formis
385 4705 471 4755 relatis
491 4707 516 4756 iu
536 4708 649 4757 codicem
663 4707 834 4756 lastinianum
854 4721 972 4756 annonae
989 4707 1104 4770 singulae
1121 4706 1206 4770 quiuis
1221 4703 1311 4753 solidis
1324 4703 1399 4751 aesti-

58 4797 127 4846 mari
153 4795 248 4860 solant3
278 4804 305 4847 at
328 4799 355 4848 in
380 4799 563 4848 constitutione
580 4799 757 4848 Valentiniani
777 4800 819 4848 111
846 4799 878 4848 ds
902 4799 1026 4849 Numidia
1049 4805 1073 4848 et
1096 4796 1259 4848 Mauretania
1284 4793 1400 4848 Sitileusi

58 4889 168 4950 (norell.
182 4889 286 4940 Valent.
300 4891 342 4940 III
362 4891 401 4938 tit.
418 4891 450 4940 18
471 4907 492 4939 c.
506 4889 533 4952 3)
561 4892 704 4955 quaternis,
730 4906 776 4940 nee
801 4891 905 4940 dubium
930 4899 969 4940 est
993 4891 1132 4941 secundum
1156 4897 1272 4952 tempora
1295 4893 1319 4935 et
1342 4886 1401 4934 loca

57 4983 255 5033 adaeratiouem
275 4983 376 5031 diverso
396 4983 474 5032 modo
498 4983 591 5032 iactam
616 4998 679 5033 esse.
726 4984 756 5033 In
783 4984 866 5033 edicto
886 4984 1023 5033 Iustiniani
1048 4983 1080 5033 de
1104 4985 1168 5033 duce
1194 4981 1282 5031 limitis
1301 4978 1399 5043 Libyae

55 5074 151 5137 (edict.
167 5073 248 5122 13:
263 5081 343 5124 const.
359 5075 393 5124 96
419 5075 459 5124 ed.
479 5075 710 5139 Lingeuthalianas
730 5092 750 5124 c.
768 5076 799 5126 18
820 5075 869 5140 pr.)
894 5076 1084 5140 distinguuntur
1106 5089 1226 5125 annonae
1252 5079 1277 5122 et
1301 5073 1400 5137 cupitus

54 5166 81 5216 la
104 5160 169 5214 εἴδει
190 5175 215 5215 et
234 5163 257 5215 ἐν
276 5164 367 5237 χρυσῷ
386 5174 411 5216 st
430 5166 530 5217 diversa
549 5169 650 5218 ratione
662 5169 762 5233 utrique
776 5169 942 5230 adamantum
964 5169 1008 5218 sed
1023 5185 1079 5218 cum
1094 5183 1208 5218 summae
1222 5172 1400 5231 proponantur

53 5260 225 5320 coniunctae,
245 5259 277 5307 de
298 5261 437 5310 taxationis
457 5261 534 5310 modo
554 5277 642 5325 parum
663 5261 750 5326 liquet,
771 5275 854 5325 neque
874 5262 930 5324 ipsa
949 5261 1082 5310 diversitas
1102 5261 1163 5311 satis
1184 5259 1309 5310 elucidata
1328 5263 1374 5307 est.
