3510 5828
121 533 238 585 err-era
520 531 722 586 rnovrucra
750 531 1059 586 saocousvnanrs.
1379 489 1451 582 373

161 705 196 762 L.
214 706 378 765 Passienus
392 705 491 780 Rufus
506 708 639 765 Africam
661 708 845 784 provinciam
869 707 992 765 sortitus
1008 715 1055 765 est
1077 724 1103 763 a.
1121 706 1137 763 3
1162 723 1190 780 p.
1208 701 1278 763 Chr.
1295 704 1333 762 ci.
1349 703 1454 762 Tissot

120 807 191 866 tull.
215 807 335 867 d'Oran
357 809 463 866 fauet
484 825 513 884 p.
530 809 597 868 103.
632 809 680 884 [In
703 807 802 880 titulo,
825 828 910 886 quem
931 807 1054 885 repetivi
1075 827 1135 866 non
1150 807 1216 866 siue
1230 807 1337 864 calami
1354 824 1454 865 errore

119 911 151 969 in
166 910 349 969 monumenti
361 911 513 987 Ancyrani
529 910 575 969 ed.
592 910 686 969 altera
701 930 729 986 p.
742 911 789 984 19,
806 911 934 970 formula
948 910 1082 970 adhibita
1096 917 1143 969 est
1157 911 1282 969 insolita
1295 918 1454 987 propterea

121 1013 201 1088 quod
217 1012 382 1070 Passienus
403 1013 566 1090 imperator
588 1013 756 1092 appellatus
779 1031 875 1090 neque
897 1013 1060 1090 proconsul
1075 1011 1196 1072 Africae
1217 1019 1296 1070 recte
1319 1011 1378 1069 dici
1399 1030 1453 1088 po·

121 1116 177 1173 tuit
199 1125 229 1172 et
250 1115 343 1174 multo
365 1115 463 1174 minus
486 1117 649 1193 imperator
670 1117 801 1175 Africae.
852 1113 996 1176 Similiter
1017 1116 1048 1173 in
1070 1113 1169 1192 lapide
1192 1113 1320 1173 miliario
1346 1113 1452 1173 aetatis

120 1217 278 1293 Augustae
299 1235 394 1294 nuper
416 1227 534 1295 reperto
561 1219 591 1276 in
616 1217 756 1278 Sardinia
781 1218 860 1278 edito
887 1219 966 1294 apud
988 1217 1164 1278 Fiorellium
1186 1215 1252 1276 Not.
1276 1218 1353 1293 depli
1374 1218 1454 1274 scaci

122 1319 201 1378 1883
223 1338 253 1396 p.
265 1317 325 1378 429
348 1321 458 1398 legitur
472 1320 610 1380 obtinente
627 1321 658 1378 T.
671 1321 788 1397 Pompio
800 1319 926 1380 Proculo
945 1339 1001 1397 pro
1017 1323 1119 1397 lepato,
1143 1322 1283 1396 quoniam
1295 1304 1453 1396 procomul

117 1422 250 1498 quidem,
271 1440 366 1498 neque
388 1430 488 1482 tamen
506 1425 676 1499 prolepctus
699 1431 777 1482 recte
800 1422 908 1482 dicitur
930 1433 960 1482 et
982 1423 1138 1482 deficiente
1160 1421 1345 1482 substantivo
1360 1421 1452 1498 parti·

119 1523 230 1600 cipiurn
253 1524 468 1584 adsumendum
490 1525 561 1596 fuit,
587 1527 634 1584 cui
657 1525 687 1583 id
710 1525 792 1602 quod
813 1533 860 1584 est
878 1545 933 1602 pro
955 1526 1055 1605 legato
1076 1533 1155 1585 recte
1177 1526 1387 1603 applicaretur.
1412 1553 1451 1566 —-

121 1625 171 1683 Cn.
195 1625 267 1684 mibi
290 1626 503 1685 dubitationem
526 1628 675 1700 movebat,
698 1628 839 1704 quoniam
861 1645 1007 1703 nusquam
1028 1629 1110 1705 quod
1129 1629 1223 1687 sciam
1244 1628 1344 1685 mariti
1365 1644 1451 1702 prae·

119 1746 228 1786 nornen
251 1729 347 1787 solum
374 1727 464 1804 idque
491 1729 775 1806 nouvperscriptum
804 1747 875 1789 casu
901 1731 1038 1806 genetivo
1068 1731 1106 1789 ad
1132 1731 1236 1790 uxoris
1263 1747 1372 1788 nomen
1399 1726 1450 1786 ad·

118 1829 264 1908 iungitur3
299 1829 351 1916 scd
373 1829 416 1888 its
437 1831 529 1908 lapis,
558 1831 771 1910 legendumque
797 1831 898 1892 Gnaei.
933 1867 970 1876 -
1005 1831 1142 1910 Spatium
1170 1831 1250 1910 quod
1276 1840 1365 1890 vacat
1391 1849 1451 1888 non

118 1931 214 1991 fuisse
237 1933 381 2010 scriptum
403 1933 499 2011 magis
516 1933 696 1994 crediderim
719 1953 809 2012 quam
831 1933 971 2011 quiddam
995 1934 1036 1993 ibi
1059 1929 1194 2012 periisse.
1238 1932 1298 1994 Tu.
1314 1933 1369 2009 Μ.]

119 2303 185 2362 641
212 2323 274 2380 rep.
298 2304 433 2365 el·Lebs
454 2325 548 2385 prope
570 2307 836 2386 Francogallorum
859 2319 968 2383 castra,
991 2310 1021 2367 in
1043 2309 1152 2386 quibus
1174 2310 1245 2369 vidi.

117 2512 205 2561 napata
227 2517 248 2553 et
262 2511 349 2554 tautctts
372 2511 392 2552 D
405 2512 425 2553 D
438 2513 458 2554 D
471 2514 491 2554 D
504 2513 526 2553 N
539 2513 560 2554 Ν
573 2513 594 2554 Ν
606 2513 628 2554 Ν
655 2514 824 2559 ὓῐΟΕιιιὶαηο
846 2521 867 2557 et
886 2516 1022 2558 maoetmtano
1040 2517 1153 2568 perpetuis
1176 2527 1240 2566 caua.
1255 2521 1275 2556 et
1297 2514 1416 2557 consumta
1431 2519 1452 2556 et

121 2639 344 2657 .......
368 2614 433 2657 ets
455 2614 476 2656 G
498 2616 516 2658 C
538 2615 559 2656 V
580 2618 599 2658 Α
622 2615 705 2662 SOLO
727 2617 858 2662 Constraoett
1083 2671 1084 2674 Ἰ
1129 2602 1274 2678 [arcaturiam
1295 2618 1357 2662 nobb.
1380 2627 1450 2660 caesa.

284 2717 383 2769 periti
427 2717 448 2760 G
552 2719 782 2763 uvmtnuamt
867 2757 868 2760 ,
1073 2693 1075 2696 ¹

120 2886 285 2964 Descripsi.
333 2887 500 2964 Exceptum
535 2909 553 2948 a
581 2893 719 2967 Danjean
754 2893 830 2951 edid.
855 2895 892 2952 Α.
916 2893 1031 2973 Farges
1065 2895 1135 2954 butt.
1158 2893 1329 2972 d'Hippone
1357 2913 1386 2952 n.
1412 2891 1449 2951 18

117 3007 148 3064 p.
165 2988 219 3060 69;
242 2989 366 3049 missum
389 3009 407 3049 a
427 2990 496 3069 Roy
518 2991 636 3071 Gagnat
656 3007 777 3072 rapport
796 2995 826 3054 11
849 3015 878 3072 p.
895 2996 952 3056 148
975 3017 1004 3056 n.
1021 2997 1091 3056 243.

161 3089 179 3150 2
201 3091 279 3150 inter
293 3107 328 3150 ta
350 3102 380 3150 et
401 3107 421 3151 ο
443 3102 474 3153 et
496 3096 513 3152 3
536 3097 614 3155 inter
633 3113 649 3155 ε
668 3108 737 3156 eto
760 3099 859 3176 spatia
880 3107 1004 3177 propter
1026 3100 1130 3159 vitium
1152 3099 1271 3178 lapidis.
1287 3131 1329 3142 —-
1344 3097 1362 3157 3
1379 3115 1451 3176 sup·

115 3191 298 3272 piamentum
323 3203 371 3254 est
391 3195 579 3257 Mommseni.

124 3526 196 3588 642
221 3547 283 3605 rep.
306 3529 455 3604 el·Lehs;
478 3551 534 3611 ego
556 3535 616 3593 vidi
639 3533 744 3596 Siccae
766 3539 846 3614 apud
868 3537 945 3617 Roy.

524 3723 553 3781 D
759 3727 794 3785 M
1000 3725 1020 3784 S

464 3825 485 3882 P
508 3839 608 3886 nruvs'
625 3837 705 3885 ntur
729 3845 842 3887 nomeu
866 3843 946 3887 suar
967 3831 1037 3886 uvat
1059 3828 1140 3886 vrTn

647 3943 875 3988 nauseas

319 4043 323 4052 ’
349 4045 351 4050 ·
465 4029 494 4088 R
509 4031 649 4089 susurrii
674 4046 751 4090 cras
773 4045 957 4116 snavnarvs
981 4029 1067 4090 que

412 4151 422 4188 a
652 4149 812 4204 erssco

469 4233 480 4290 1
508 4252 554 4293 aru
577 4249 692 4294 saevae
709 4249 799 4306 Quas
821 4251 950 4295 uvtuvu
973 4253 1027 4295 rau
1042 4236 1138 4295 vrTau

648 4334 826 4396 rsanuvu

464 4439 567 4497 Meus
590 4455 657 4497 nuu
680 4439 814 4498 ssuCrs
836 4441 1073 4500 nunnioni
1096 4459 1137 4499 ετ

576 4557 719 4600 servare
741 4557 916 4602 votvuras

423 4641 568 4649 ——---·—
593 4645 1137 4656 --—---—-—-«---..—-.-.--——-

112 4791 269 4873 Descripsi
292 4806 322 4856 et
343 4807 483 4875 ectypum
504 4800 629 4876 sumpsi.
672 4800 757 4860 Edid.
781 4801 925 4861 Poinssot
946 4809 976 4861 et
998 4801 1166 4880 Demaeght
1186 4803 1256 4864 butt.
1273 4802 1391 4864 ct’Oran
1412 4804 1445 4862 II

112 4896 222 4973 (1883)
244 4918 273 4974 p.
290 4897 427 4986 tsoseq.
849 4921 852 4928 ’
922 4949 923 4952 ¹
980 4909 983 4916 '
1063 4931 1064 4934 ¹

154 4997 269 5059 Versus
296 5002 383 5078 primi
405 5002 465 5062 duo
488 5013 647 5063 eraserunt
671 5004 850 5080 imperfecti,
880 5007 961 5084 quod
984 5008 1104 5067 nomina
1126 5009 1256 5069 defuncti
1278 5018 1308 5069 et
1328 5012 1445 5087 patriae

110 5099 175 5158 eius
198 5102 343 5160 schemati
365 5105 474 5163 tradito
497 5106 595 5165 minus
618 5108 843 5167 conveniebant.
877 5107 952 5168 v.4
973 5111 1044 5186 quid
1067 5111 1203 5170 subesset
1224 5122 1258 5172 ut
1277 5121 1358 5172 certo
1373 5132 1443 5171 cnu-

110 5201 239 5262 clearem
262 5204 375 5264 frustra
395 5209 546 5284 temptavi.
