3534 5834
343 2143 601 2256 MlLlTllS
636 2142 1064 2257 PRAETORIANI
1101 2145 1182 2256 nl
1207 2143 1624 2258 VRBANICIANI

674 2335 952 2449 ORIGINIS
983 2335 1289 2450 inuoluta.

906 2615 1059 2626 ..—-—-.

359 2819 401 2880 Ut
422 2823 554 2886 omnium
577 2821 703 2880 militum
725 2823 840 2900 patriae
862 2824 950 2899 quasi
972 2824 1002 2882 in
1026 2840 1115 2882 unum
1137 2839 1247 2900 corpus
1270 2829 1479 2899 congerantur,
1501 2821 1559 2881 hos
1575 2840 1648 2898 quo·

316 2941 375 3000 que
396 2924 559 2984 laterculos
582 2925 785 2997 adiunximus,
812 2926 921 3001 quibus
944 2927 994 3001 qui
1017 2926 1138 2984 natione
1159 2921 1255 2984 Italici
1283 2935 1336 2982 ant
1361 2925 1391 2982 in
1418 2924 1571 3000 praetorio
1598 2932 1649 2982 aut

316 3026 348 3084 in
371 3026 541 3085 cohortibus
563 3027 685 3085 urbanis
708 3036 759 3086 aut
780 3027 856 3086 inter
878 3027 985 3104 vigiles
1007 3027 1218 3100 militaverunt,
1240 3025 1476 3100 continentnr1).

359 3127 481 3203 Oppida
495 3127 602 3188 Italiae
621 3130 826 3188 recensuimus
841 3130 946 3188 ordine
961 3129 1159 3207 alphabetico,
1181 3129 1367 3206 praescripto
1382 3128 1509 3206 singulis
1524 3145 1646 3186 numero

316 3229 443 3288 militum
459 3230 590 3289 cuiusvis
605 3231 723 3307 generis
738 3231 806 3301 iude
822 3230 1026 3303 oriundornm,
1048 3240 1081 3289 ut
1095 3231 1163 3289 inde
1178 3231 1365 3307 aliquatenus
1380 3239 1534 3307 appareat,
1556 3249 1647 3306 quae·

317 3351 386 3391 nam
410 3332 593 3410 singulorum
616 3333 794 3411 oppidorum
815 3333 905 3392 fuerit
926 3333 1034 3392 civium
1049 3333 1226 3408 frequentia.
1263 3333 1298 3392 In
1314 3333 1439 3411 singulis
1453 3331 1573 3408 oppidis
1588 3331 1647 3407 pri·

318 3453 399 3492 mum
419 3434 516 3492 locum
532 3434 666 3493 obtinent
681 3436 872 3511 praetoriani,
896 3435 1054 3494 secundum
1070 3435 1264 3504 urbaniciani‚
1287 3435 1406 3493 tertium
1421 3434 1538 3512 vigiles,
1561 3453 1646 3510 quar·

318 3545 380 3594 tum
400 3535 527 3608 evocati,
550 3536 601 3612 qui
616 3556 796 3613 quamquam
819 3538 908 3615 longe
929 3539 1061 3596 maxima
1082 3556 1121 3595 ex
1143 3549 1227 3613 parte
1250 3556 1287 3595 ex
1311 3537 1509 3615 praetorianis
1524 3534 1647 3610 profecti

317 3647 396 3710 sunt,
419 3646 547 3716 possunt
567 3638 638 3697 item
661 3648 749 3698 antea
771 3639 945 3698 militavisse
966 3640 996 3698 in
1018 3640 1139 3698 cohorte
1160 3641 1284 3698 urbana.
1321 3637 1414 3698 Uncis
1430 3638 1586 3714 quadratis
1604 3638 1647 3696 in·

316 3741 459 3799 clusimus
482 3740 596 3812 titulos,
619 3741 669 3799 nbi
690 3742 774 3820 origo
797 3759 855 3798 non
878 3741 1049 3800 enuntiatur
1070 3740 1122 3800 sed
1143 3748 1196 3799 aut
1217 3761 1255 3799 ex
1277 3740 1356 3799 tribu
1375 3747 1427 3799 aut
1441 3759 1480 3798 ex
1495 3739 1647 3817 parentela

317 3861 383 3900 cum
406 3842 506 3919 aliqua
526 3843 735 3919 probabilitate
757 3843 891 3901 efficitur.
935 3843 1042 3913 Tituli,
1069 3844 1179 3920 quibus
1201 3844 1336 3918 corporis
1359 3843 1498 3900 volumen
1521 3860 1581 3900 non
1604 3849 1647 3899 est

317 3945 510 4021 adscriptum,
532 3945 609 4003 sexti
632 3953 702 4004 eunt
724 3946 914 4003 urbanorum.
951 3945 1105 4003 Accedunt
1126 3946 1238 4003 incerta
1260 3944 1406 4020 quaedam
1429 3944 1551 4020 oppida,
1573 3961 1647 4020 quae

317 4057 417 4105 utrum
439 4046 469 4104 in
491 4045 582 4104 Italia
602 4046 714 4105 fuerint
736 4066 774 4105 an
795 4047 826 4105 in
848 4047 1003 4123 provincia
1024 4047 1127 4123 aliqua
1148 4065 1207 4104 non
1230 4047 1332 4123 liquet.

359 4145 435 4207 Cum
462 4148 642 4224 praetoriani
665 4149 788 4225 originis
812 4147 934 4207 Italicae
961 4157 1059 4206 aetate
1082 4147 1245 4209 Severiana
1266 4159 1369 4206 omnes
1396 4147 1459 4206 lere
1481 4148 1646 4207 anteriores

317 4250 389 4320 sint,
411 4251 516 4327 paucis
539 4259 669 4324 tantum,
693 4251 836 4329 quisunt
858 4251 971 4308 saeculi
993 4251 1082 4322 tertii,
1105 4252 1249 4328 temporis
1272 4257 1373 4308 notam
1396 4249 1569 4308 adiecimus.
1613 4249 1646 4307 In

317 4352 489 4411 cohortibus
515 4353 638 4411 urbanis
666 4371 731 4410 cum
759 4360 828 4428 post
849 4349 992 4411 Severum
1019 4371 1139 4429 quoque
1160 4352 1259 4412 Italici
1284 4350 1451 4422 militarint‚
1481 4350 1518 4410 de
1546 4371 1646 4411 eorum

318 4461 414 4512 aetate
436 4472 475 4511 ex
497 4453 544 4512 his
567 4453 718 4512 laterculis
739 4453 866 4512 iudicari
888 4473 947 4512 non
971 4464 1079 4529 potest.

314 4623 315 4626 Ἴ
360 4553 503 4631 Singulae
516 4555 621 4614 Italiae
643 4563 744 4632 partes
758 4557 910 4631 praetorio
933 4565 962 4614 et
983 4555 1155 4616 cohortibus
1178 4555 1302 4614 urbanis
1319 4568 1432 4632 quanto
1447 4555 1508 4613 fere
1523 4573 1646 4615 numero

317 4657 431 4716 tirones
453 4656 722 4727 subministrarint,
744 4657 874 4716 ostendit
896 4656 1055 4718 laterculus
1077 4658 1157 4716 iufra
1178 4659 1323 4734 scriptus,
1350 4653 1381 4714 in
1403 4675 1463 4732 quo
1487 4659 1645 4716 secundnm

317 4759 457 4835 regiones
480 4758 584 4818 Italiae
606 4759 716 4818 milites
738 4759 943 4836 discripsimus
966 4760 1139 4819 condicione
1162 4778 1264 4818 eornm
1287 4759 1438 4818 distincta.

318 4951 522 4962 ———-

378 5097 401 5160 ¹)
422 5097 455 5162 [E
475 5114 503 5150 rc
523 5113 578 5148 esse
598 5099 680 5155 visum
700 5105 739 5149 est
756 5099 922 5164 legioniarios
941 5100 1036 5150 milites
1055 5100 1162 5164 originis
1181 5099 1288 5150 Italicae
1307 5099 1341 5149 ud
1356 5099 1433 5149 huius
1446 5098 1540 5150 indicis
1554 5099 1646 5164 patries

319 5192 355 5244 ita
374 5191 478 5256 addere,
497 5198 526 5242 ut
544 5191 645 5244 adiecta
663 5191 765 5258 legione
785 5199 810 5240 et
826 5193 923 5260 pagina
941 5192 975 5244 ad
994 5192 1091 5244 indices
1112 5193 1156 5258 qui
1175 5191 1333 5258 praecedunt
1348 5191 1501 5242 remittatur.
1534 5191 1587 5244 Tu.
1600 5186 1646 5254 lh]
