3450 5842
328 852 455 910 quorum
477 834 600 892 nomina
627 834 800 908 subscripta
826 841 908 904 suut,
936 833 1012 908 ipsis
1039 832 1141 892 liberis
1169 834 1382 909 posterisque
1416 851 1531 891 eorum
1560 833 1679 891 civitaten

370 935 453 994 dedit
474 945 503 994 et
525 935 684 994 conubium
708 953 774 993 cum
797 935 955 1004 uxoribus,
983 952 1059 1010 quas
1082 945 1152 992 tuno
1178 935 1388 1007 habuissent,
1421 954 1500 994 curu
1528 945 1575 994 est
1600 935 1679 994 civim

370 1037 407 1096 iis
430 1037 509 1109 data,
532 1049 583 1096 aut
606 1038 631 1094 si
654 1037 704 1114 qui
727 1036 855 1096 caelibes
878 1045 989 1110 essent,
1013 1056 1080 1096 cum
1102 1038 1139 1096 iis
1161 1057 1237 1114 quas
1261 1047 1385 1115 postea
1409 1038 1593 1112 duxissent,
1618 1039 1680 1096 dun

371 1149 455 1198 taxat
476 1139 587 1216 singuli
610 1139 755 1218 singulas.

330 1261 357 1300 a.
381 1242 408 1299 d.
425 1243 467 1302 Vl
489 1243 519 1300 11.
543 1239 707 1300 Novembr.
730 1241 823 1300 Albio
846 1240 1004 1300 Pullaieno
1026 1241 1173 1314 Pollione,
1197 1239 1255 1300 On.
1275 1242 1449 1320 Pompeio
1476 1243 1617 1321 Longino
1634 1263 1678 1301 cor.

330 1343 494 1420 cobort(is)
526 1345 540 1401 I
566 1345 786 1420 Aquitauorum
813 1353 988 1416 veteranae,
1022 1345 1069 1402 cui
1103 1353 1205 1422 praest
1238 1344 1279 1402 M.
1317 1347 1510 1405 Amerinus
1541 1344 1678 1416 Gemellus,

372 1447 463 1522 equiti
486 1446 652 1523 Mucapori,
676 1445 839 1522 lptacentis
861 1445 893 1515 f,
916 1444 1066 1522 Thrac(i).

330 1603 522 1682 Descriptum
545 1613 576 1662 et
597 1601 780 1681 recognitum
804 1622 842 1661 ex
864 1603 969 1662 tabula
991 1623 1094 1675 aenea,
1116 1623 1191 1680 quae
1213 1604 1279 1662 lixa
1304 1617 1360 1664 est
1383 1606 1527 1666 Romae„

374 1790 562 1851 Delineatam
596 1791 742 1850 miserunt
771 1788 900 1849 Carolus
929 1789 1154 1866 Zangemeister
1181 1789 1478 1869 Heidelbergensis
1514 1802 1546 1852 et
1574 1793 1677 1852 lacubus

331 1893 435 1952 Keller
461 1893 731 1970 Mogontiucensis3
760 1893 808 1952 hic
833 1893 927 1952 edidit
954 1891 1177 1951 ll'ertdeatrclres
1199 1891 1548 1970 Korreapondemblutt
1573 1895 1676 1956 111881

331 1997 396 2054 11111.
415 1998 441 2054 l.
465 2029 502 2038 -
526 1994 658 2054 Litterae
681 2013 689 2052 1
712 2002 783 2052 etr
806 2002 836 2052 et
857 2011 873 2052 1
896 1994 1008 2072 passim
1032 1995 1083 2053 rix
1105 1993 1255 2054 differunt.

375 2097 539 2156 Domitiani
561 2115 629 2156 esse
652 2097 815 2156 ostendunt
835 2105 943 2166 testes,
970 2115 1097 2172 quorum
1121 2097 1267 2172 septimus
1289 2098 1378 2158 redit
1409 2100 1446 2159 in
1479 2102 1585 2159 tabula
1605 2099 1675 2162 add.

332 2209 456 2276 quartus
482 2200 513 2258 in
535 2199 646 2259 tabulis
670 2219 696 2257 a.
713 2199 762 2258 80.
779 2197 827 2258 88.
845 2197 899 2268 83,
927 2199 1039 2274 primus
1066 2207 1096 2257 et
1118 2199 1221 2257 tertius
1248 2200 1277 2257 in
1302 2201 1430 2260 tabulis
1463 2225 1494 2262 a.
1517 2203 1568 2262 89.
1585 2203 1628 2262 83.
1641 2203 1675 2268 dl,

332 2303 455 2377 quintus
481 2303 511 2360 in
538 2302 650 2360 tabulis
677 2321 703 2361 a.
725 2301 774 2360 88.
796 2300 849 2373 84,
883 2301 1030 2360 secundus
1057 2301 1087 2359 in
1115 2299 1224 2359 tabulis
1252 2321 1278 2359 a
1303 2302 1359 2361 93.
1390 2305 1471 2363 107.
1500 2303 1674 2365 11318199.

332 2405 408 2463 Post
434 2423 543 2463 aunum
567 2404 606 2462 86
634 2403 766 2462 tabulam
794 2404 936 2478 scriptam
965 2419 1031 2460 esse
1058 2402 1207 2479 colligitur
1238 2422 1276 2461 ex
1304 2406 1554 2482 subscriptione
1582 2409 1674 2466 antica

332 2507 454 2565 finiente
476 2507 505 2564 iu
522 2507 639 2564 Romae.
672 2505 821 2564 Nimirum
837 2525 902 2564 curn
919 2505 1002 2563 locus
1017 2504 1095 2563 aeris
1110 2504 1147 2564 ad
1163 2523 1190 2562 a.
1207 2503 1268 2562 lere
1285 2505 1324 2564 71
1346 2507 1378 2564 in
1397 2519 1543 2586 utroque
1559 2507 1674 2584 exemplo

333 2609 498 2684 reperiatur
519 2609 654 2684 pariliter
676 2608 858 2678 enuntiatus,
881 2625 952 2664 mox
974 2607 1078 2684 incipit
1100 2608 1198 2665 minus
1218 2606 1305 2682 plene
1324 2613 1490 2684 perscribi
1507 2614 1538 2672 in
1555 2611 1674 2690 partein

333 2711 455 2782 teriore3
479 2710 594 2770 scilicet
616 2719 661 2768 ast
683 2710 712 2767 in
729 2728 765 2767 ea
779 2728 831 2785 per
847 2727 943 2767 annos
959 2709 998 2767 74
1021 2709 1058 2766 ad
1075 2709 1114 2768 86
1137 2709 1190 2784 (D.
1207 2708 1264 2767 IX.
1280 2709 1342 2767 XI.
1359 2710 1530 2773 LXVIII.
1546 2709 1673 2773 LXXII.

332 2813 402 2871 XII.
418 2813 507 2870 XIII.
524 2811 617 2887 XIV)
632 2812 740 2870 Romae
762 2815 791 2870 ia
810 2810 963 2887 Capitolio,
986 2829 1012 2869 a.
1029 2821 1127 2869 autem
1144 2811 1182 2870 93
1206 2810 1259 2886 (D.
1275 2810 1370 2888 XVI)
1395 2825 1432 2873 et
1457 2835 1571 2876 rursus
1592 2837 1618 2874 a
1631 2813 1672 2872 193

335 2915 386 2990 (D.
400 2915 493 2991 XXI)
516 2915 623 2973 Rornae
646 2921 678 2972 ut
699 2913 730 2971 in
753 2914 808 2971 hac
830 2922 942 2971 nostra.
979 2914 1028 2972 Ab
1051 2933 1129 2972 anno
1153 2921 1250 2971 autem
1274 2913 1313 2972 98
1338 2916 1379 2973 ad
1404 2925 1560 2997 tempora
1574 2919 1618 2978 Pii
1637 2918 1672 2974 de·

334 3017 507 3094 scriptionis
530 3015 683 3075 adnotatio
705 3016 735 3074 in
758 3025 842 3094 parte
864 3015 1006 3074 interiore
1029 3016 1183 3074 omittitur.
1209 3049 1246 3059 -
1270 3013 1483 3092 Spectavisse
1500 3021 1671 3098 privilegium

334 3119 371 3177 ad
395 3121 555 3178 exercitum
572 3117 752 3179 Germaniae
774 3118 939 3194 superioris
962 3117 1112 3195 colligitur
1134 3136 1192 3176 nou
1216 3117 1311 3176 solum
1336 3139 1353 3176 e
1376 3119 1455 3180 loco
1474 3123 1557 3182 unde
1571 3121 1670 3200 prodiit

334 3221 386 3279 sed
409 3222 503 3280 multo
525 3222 635 3280 certius
657 3240 697 3280 ex
720 3220 851 3290 cohorte,
878 3239 954 3296 quae
977 3219 1054 3278 redit
1076 3221 1105 3278 in
1129 3220 1292 3297 privilegiis
1314 3224 1483 3284 exercitus
1507 3226 1575 3283 eius
1596 3241 1668 3282 anuo

333 3343 399 3382 rum
423 3325 462 3381 74
484 3333 514 3382 et
539 3323 607 3382 116.
635 3355 673 3364 -
702 3319 852 3381 Consules
875 3321 947 3379 alibi
970 3340 1027 3379 non
1051 3323 1249 3381 nominantur.
1293 3309 1419 3384 Prioris
1447 3327 1548 3403 stirps
1570 3343 1666 3403 quoque

332 3425 421 3503 plane
442 3425 543 3502 ignota
551 3445 559 3495 ;
583 3445 619 3483 ne
634 3424 858 3483 Pullaienorum
883 3425 1002 3500 quidem
1023 3425 1166 3482 memoria
1185 3434 1324 3500 superest
1338 3426 1400 3484 nisi
1428 3429 1524 3488 exilis
1549 3429 1599 3502 (cl.
1614 3427 1665 3484 titu-

333 3529 381 3586 lus
396 3527 527 3586 Dacicus
548 3525 652 3599 0.111‚
672 3525 766 3584 11181
790 3526 943 3584 Pullaiena
965 3547 988 3585 c.
1005 3529 1033 3601 s.
1057 3537 1086 3585 et
1107 3527 1228 3604 figlinas
1246 3528 1416 3604 inscriptae
1436 3529 1581 3590 Pullaeui
1595 3526 1663 3595 C.I‚

335 3628 426 3700 8053,
452 3628 533 3704 168).
577 3629 739 3687 Praeterea
761 3629 928 3705 comparari
952 3637 1052 3704 potest
1074 3628 1144 3704 [M]
1160 3629 1264 3687 Albi-ua
1283 3629 1370 3703 M.s.
1389 3630 1465 3707 Oqs.
1482 3633 1581 3691 Pollio
1601 3627 1661 3690 tituli

332 3731 497 3809 Lilybitani
517 3729 552 3790 0.
568 3731 610 3804 X,
634 3731 779 3790 1121-
796 3731 962 3806 Pompeium
977 3729 1139 3806 Longinum
1162 3731 1309 3790 tribunum
1333 3732 1476 3793 cohortis
1499 3732 1660 3812 praetoriae,

334 3835 463 3910 equitem
490 3833 580 3912 igitur
607 3834 741 3892 nominat
762 3833 889 3892 Tacitus
916 3833 947 3890 in
973 3833 1061 3892 robus
1090 3853 1116 3890 a.
1134 3831 1171 3891 69
1195 3833 1264 3891 hist.
1287 3834 1317 3904 l,
1339 3833 1395 3904 313
1435 3834 1489 3895 On.
1518 3838 1659 3912 Pompeia

333 3937 495 4012 Longinam
522 3936 651 4014 legatum
678 3934 891 4012 (praetorium)
920 3934 1050 3993 Iudaeae
1079 3935 1129 3994 lex
1155 3953 1181 3993 a
1199 3933 1237 3993 86
1264 3933 1386 4009 (c.111
1416 3955 1448 4012 p.
1472 3939 1567 4014 857),
1591 3953 1658 4014 quea

334 4039 493 4114 quominus
514 4039 591 4096 hunc
614 4039 712 4113 ipsum
736 4055 804 4096 esse
826 4047 992 4096 statuamus
1015 4037 1089 4094 nihil
1113 4035 1250 4114 impedit;
1283 4036 1332 4096 On.
1350 4037 1508 4098 Pinarim
1528 4039 1658 4099 Amba·

338 4139 542 4200 Cicatricalam
562 4139 728 4216 Pompeiam
749 4137 911 4214 Loaqinum
933 4140 1064 4217 legatum
1087 4138 1262 4197 Pannoniae
1290 4138 1351 4198 alia
1377 4139 1430 4200 lex
1455 4163 1484 4202 a.
1503 4143 1543 4202 98
1567 4141 1611 4218 (C.
1624 4137 1657 4198 ΠΙ

334 4264 363 4320 p.
380 4242 464 4318 862).
488 4275 527 4285 -
550 4241 652 4300 Patris
675 4241 777 4300 militis
801 4260 908 4300 nomen
930 4240 1007 4299 redit
1028 4243 1059 4299 in
1081 4241 1168 4300 titulo
1183 4241 1370 4316 Aquiuceusi
1392 4241 1477 4322 pr.
1493 4245 1536 4304 IV
1560 4239 1656 4304 asta

335 4345 376 4404 M.
401 4345 502 4402 Aurei.
525 4343 707 4420 Eptacemm.
