3518 5828
471 529 1075 584 osssnvnrronessarantasmum.
1368 509 1437 581 163

103 704 235 761 maxime
258 703 417 762 voluminis
440 703 503 774 III,
535 705 566 762 iu
593 722 653 779 quo
681 703 840 780 privilegia
867 703 993 762 mllitum
1020 703 1146 760 collecta
1171 702 1365 774 exhibentur,
1387 703 1438 760 ad-

101 803 212 862 iunctis
236 813 344 881 postea
370 805 495 882 repertis
522 805 553 863 in
579 805 779 880 Ephemeride
805 805 861 863 hac
888 803 990 876 editis,
1017 803 1087 863 item
1114 803 1227 862 indices
1254 805 1438 862 voluminum

103 905 288 981 reliquorum
314 907 371 964 huc
399 905 610 982 pertinentium
638 906 735 965 adbuc
760 906 906 965 editorum
928 905 969 964 II.
986 903 1022 962 V.
1039 905 1110 964 vn.
1127 905 1212 962 VIII.
1228 905 1283 962 IX.
1300 905 1346 976 X,
1374 906 1439 982 ple·

103 1024 230 1081 rumque
253 1025 312 1064 uon
334 1014 471 1084 repetens
495 999 636 1067 numeros
658 1007 826 1079 titulorum,
855 1007 907 1065 sed
930 1007 960 1065 in
982 1006 1048 1065 sola
1069 1005 1230 1064 voluminis
1253 1006 1439 1082 adlegatione

103 1109 280 1167 subsistens.
327 1109 496 1185 Adsumpsi
523 1128 601 1185 quae
628 1111 790 1187 scriptores
811 1117 989 1179 memorant,
1019 1116 1053 1166 ut
1074 1107 1200 1167 Tacitus
1228 1117 1256 1166 et
1278 1108 1438 1180 Arrianus,

102 1219 251 1283 qnatenus
273 1211 344 1268 mibi
367 1210 526 1268 constabat
545 1211 668 1288 propria
689 1210 836 1270 vocabula
856 1211 936 1286 apud
958 1227 1011 1268 eos
1032 1209 1149 1270 referri.
1197 1207 1313 1269 Notitia
1341 1211 1438 1288 digni·
1544 1245 1552 1264 .

103 1319 199 1369 tatum
221 1312 287 1369 sevi
310 1311 516 1370 Theodosiani
540 1331 606 1371 cum
629 1312 738 1370 multas
760 1312 825 1370 slas
847 1312 1045 1386 cohortesque
1067 1311 1214 1381 nominet,
1236 1310 1323 1387 louge
1344 1312 1436 1386 plari·

103 1430 169 1472 mas
192 1431 306 1484 earum,
329 1413 443 1472 scilicet
464 1431 539 1489 quas
562 1423 614 1472 aut
634 1422 746 1472 certum
769 1421 820 1471 aut
842 1412 1003 1471 verisimile
1023 1421 1104 1470 esset
1117 1412 1271 1470 institutas
1287 1430 1353 1471 esse
1368 1421 1438 1488 post

103 1513 337 1586 Diocletianum,
359 1513 398 1572 ab
420 1514 467 1572 his
489 1515 643 1572 laterculis
666 1514 769 1592 procul
791 1514 891 1586 habui,
915 1513 1088 1572 vetustioris
1110 1513 1234 1590 originis
1257 1531 1334 1589 quae
1356 1514 1437 1573 vide-

101 1623 214 1686 rentur,
237 1617 345 1690 recepi.
382 1615 524 1674 EmInent
544 1615 621 1674 inter
642 1617 698 1676 bas
720 1633 796 1691 quae
814 1625 1008 1674 recensentur
1022 1616 1053 1673 iu
1068 1614 1226 1673 Britannia
1240 1613 1327 1689 (Oce.
1343 1633 1367 1674 c.
1381 1615 1435 1690 40)

98 1735 155 1791 per
176 1716 281 1775 lineam
301 1717 391 1785 ualli,·
422 1735 490 1774 nam
512 1735 578 1775 cum
602 1717 663 1777 sint
684 1733 806 1776 numero
826 1725 893 1788 ,tres
920 1722 950 1774 et
976 1715 1080 1792 viginti
1106 1734 1224 1787 omnes,
1252 1716 1437 1792 undeviginti

101 1818 289 1876 adscendunt
310 1818 347 1875 ad
370 1817 520 1876 saeculum
545 1817 752 1894 secundum¹),
774 1827 806 1876 ut
827 1837 893 1876 cum
916 1825 1071 1894 praeterea
1091 1837 1145 1894 per
1167 1826 1261 1876 totum
1278 1817 1435 1893 imperium

101 1929 204 1978 eastra
225 1939 278 1995 per
300 1921 419 1978 tertium
442 1927 640 1997 quartumque
662 1919 812 1980 saeculum
835 1919 961 1978 subinde
983 1927 1097 1978 mutata
1117 1927 1264 1995 auctaque
1283 1920 1434 1994 reperian-

100 2029 164 2092 tur,
199 2021 237 2078 ad
265 2021 375 2080 vallum
402 2021 476 2079 illud
503 2023 627 2080 immota
651 2021 712 2082 lere
739 2022 874 2081 steterint
900 2037 1023 2080 necesse
1050 2021 1097 2078 sit.
1152 2019 1281 2096 Propter
1313 2021 1435 2080 eandem

99 2141 221 2181 causam
245 2142 304 2181 uon
326 2123 423 2198 magis
446 2123 555 2182 admisi
577 2142 729 2194 numeros,
752 2133 785 2180 ut
811 2130 881 2180 sunt
906 2122 1081 2192 Brittonum,
1102 2122 1312 2192 Dalmatarum,
1338 2123 1436 2182 liece-

99 2243 210 2296 rorum,
239 2225 354 2284 similes
377 2224 445 2295 alii3
472 2243 540 2283 nam
563 2224 746 2284 antellami
769 2233 903 2300 tempora
925 2224 977 2282 vix
1000 2223 1099 2282 locum
1121 2223 1151 2282 in
1175 2223 1281 2282 militia
1300 2223 1438 2283 Romana

100 2326 268 2384 babuerunt
290 2325 453 2400 (invenitur
474 2345 502 2383 n.
518 2327 594 2386 Brit.
618 2337 644 2384 et
659 2326 795 2402 explorat.
812 2325 982 2401 Neraaninp.
1005 2325 1035 2382 in
1058 2325 1146 2382 titulo
1168 2325 1238 2383 anni
1256 2325 1313 2383 178
1330 2325 1435 2383 Bram-

100 2427 198 2485 bachii
220 2428 359 2497 n.1751;
382 2447 514 2486 numerus
537 2428 747 2504 exploratorum
761 2427 941 2486 Batauorum
963 2427 993 2484 iu
1016 2427 1110 2484 altero
1131 2427 1238 2484 aetatis
1255 2425 1435 2486 Severianae

29 2555 33 2566 ·
99 2529 181 2604 apud
203 2528 329 2586 eundem
352 2549 380 2586 u.
398 2531 432 2601 75
460 2550 489 2588 n.
513 2529 721 2590 Gutturenss'um
743 2530 773 2587 in
796 2528 885 2588 tertio
906 2547 932 2586 a.
950 2525 1009 2586 225
1032 2527 1112 2602 apud
1134 2528 1259 2586 eundem
1283 2529 1434 2605 n.131t)‚

99 2640 128 2686 et
150 2629 340 2704 expendendi
363 2639 434 2689 sunt
455 2650 514 2689 una
535 2631 692 2701 institutis,
713 2649 789 2708 quae
811 2629 935 2689 militiae
957 2629 1197 2687 reformationem
1214 2628 1435 2688 Diocletianum

98 2731 319 2806 quodammodo
341 2732 531 2790 incubabant.
562 2765 600 2775 -
628 2733 706 2791 Alae
729 2741 759 2790 et
779 2732 917 2790 cohortes
940 2749 1005 2788 cum
1028 2739 1146 2808 praeter
1168 2749 1323 2789 numerum
1346 2750 1434 2790 voca-

97 2833 177 2890 bulis
200 2834 338 2908 pluribus
360 2835 507 2892 nominari
530 2834 656 2903 soleant,
680 2834 850 2908 frequenter
871 2841 968 2891 autem
991 2849 1050 2888 non
1071 2832 1209 2892 omnibus
1225 2841 1354 2904 utantur,
1378 2851 1434 2892 nos

97 2953 156 2992 non
179 2935 210 2991 in
232 2951 268 2992 eo
290 2935 529 3008 elaboravimus,
556 2945 590 2994 ut
610 2935 667 2994 hae
689 2934 878 2994 dlversitates
900 2933 989 3008 plene
1010 2943 1233 2992 recenserentur
1261 2942 1291 2994 et
1315 2936 1434 2994 curiose

97 3037 365 3113 distinguerentur,
391 3037 444 3096 sed
465 3037 591 3096 formam
619 3037 748 3095 maxime
774 3036 894 3112 plenam
920 3035 1111 3111 potissImum
1135 3038 1434 3112 repraesentavimus,

96 3138 283 3196 breviatione
304 3137 435 3196 Iudicate
456 3139 631 3215 plerumque
654 3138 763 3197 additis
785 3135 871 3195 uncis
893 3136 1040 3194 rotundis.
1083 3134 1241 3194 Omittitur
1263 3147 1360 3198 autem
1382 3149 1434 3198 aut

95 3239 248 3298 ethnicum
276 3239 402 3299 alterum
436 3239 484 3316 (ut
509 3241 639 3316 Hispani
667 3241 788 3299 Astures
820 3239 995 3316 plerumque
1027 3237 1165 3296 dicuntur
1192 3238 1314 3298 Astures
1345 3241 1433 3312 nude,

95 3342 219 3400 Astures
242 3350 268 3398 et
293 3339 423 3399 Callaeci
444 3342 533 3400 modo
556 3343 626 3412 hoc,
657 3343 744 3401 modo
765 3341 819 3399 illo
842 3339 986 3398 vocabulo
1014 3341 1081 3398 solo
1110 3340 1261 3416 utuntur),
1290 3351 1355 3412 sut,
1382 3343 1434 3400 ubi

94 3461 205 3502 nomen
229 3442 402 3517 primarium
425 3443 539 3519 duplex
561 3453 608 3502 est
629 3443 779 3503 ethnicum
802 3451 831 3501 et
852 3441 1020 3518 personale,
1043 3442 1170 3500 alterum
1192 3450 1289 3501 utrum
1314 3443 1361 3519 (ut
1382 3445 1434 3502 ala

99 3543 280 3619 Tunprorum
292 3545 491 3603 Phontcniana
505 3545 681 3622 plerumque
696 3545 753 3602 hoc
769 3544 834 3603 solo
849 3543 993 3602 vocabulo
1009 3543 1191 3620 appellatur)
1206 3554 1257 3602 aut
1268 3562 1432 3621 cognomen

94 3646 288 3704 honorarium
322 3645 369 3720 (ut
396 3655 469 3704 sunt
495 3646 614 3704 ethnica
641 3647 786 3706 adiective
814 3645 943 3704 formata
969 3645 1172 3714 Macedonica,
1199 3647 1329 3718 Dacica,
1360 3647 1432 3705 item

95 3747 245 3822 torquata)
267 3756 320 3805 aut
341 3747 420 3823 quod
443 3747 601 3806 militarem
624 3748 748 3806 sormam
771 3746 905 3806 enuntiat
926 3746 975 3821 (ut
989 3754 1059 3806 sunt
1073 3748 1211 3818 miliaria,
1234 3750 1432 3822 quingenariae,

97 3852 235 3923 equitata,
256 3848 401 3924 peditatu)
428 3849 476 3908 vel
503 3849 628 3908 militum
656 3849 861 3907 condicionem
888 3847 1006 3906 civilem
1037 3847 1083 3923 (ut
1109 3852 1210 3906 ciuium
1231 3849 1432 3920 Romanorum,

94 3948 227 4007 fortasse
254 3951 343 4007 etiam
371 3953 474 4009 ciuium
494 3950 699 4026 Latinorum);
722 3949 849 4026 denique
875 3951 933 4026 ipsi
955 3949 1085 4022 numeri,
1114 3950 1243 4008 maxime
1269 3950 1299 4008 in
1327 3951 1431 4026 primis

96 4051 154 4109 alis
182 4051 414 4126 cohortibusque
441 4052 479 4109 iis
506 4069 582 4128 quae
610 4051 770 4111 secundam
798 4051 910 4110 nullam
937 4051 1060 4122 habent,
1093 4051 1147 4110 sed
1173 4051 1262 4109 etiam
1292 4052 1323 4109 in
1351 4052 1431 4125 aliis,

96 4171 156 4210 non
189 4171 258 4210 raro
292 4153 456 4212 breviando
489 4161 725 4230 praetereuntur.
779 4152 935 4211 Vocabulu
966 4153 1160 4229 imperatoria
1194 4152 1225 4210 in
1257 4162 1431 4230 perpetuum

96 4254 269 4330 adsumpta,
297 4255 509 4331 respondentia
530 4256 645 4315 scilicet
666 4255 773 4314 Flavio
798 4253 950 4330 legionum
973 4253 1018 4312 lv
1040 4260 1069 4310 et
1090 4253 1181 4325 XVI,
1208 4253 1340 4312 Tralano
1367 4256 1431 4314 sive

96 4353 189 4430 Ulpio
218 4356 368 4431 legionum
390 4356 423 4414 II
451 4365 481 4415 et
503 4356 617 4428 XXX,
645 4357 745 4415 omnia
766 4354 851 4432 posui
873 4355 920 4413 vel
944 4361 1023 4413 certe
1044 4373 1157 4432 ponere
1179 4355 1272 4427 volui,
1300 4373 1365 4414 eum
1393 4355 1431 4414 ad

95 4457 312 4515 institutionem
336 4457 521 4534 singulorum
543 4458 722 4517 auxiliorum
744 4457 928 4535 pertineant;
952 4456 1046 4515 abieci
1068 4465 1166 4515 sutem
1190 4475 1266 4532 quae
1288 4457 1433 4533 gerebant

94 4560 184 4617 tertio
211 4559 332 4618 saeculo
355 4559 510 4637 desumpta
532 4579 551 4618 a
571 4560 706 4638 principe
734 4559 823 4618 modo
851 4567 1006 4635 regnante,
1033 4559 1103 4616 item
1130 4565 1290 4634 quactum
1314 4560 1432 4618 obtice-

154 4808 177 4870 ¹)
198 4808 328 4870 Quattuor
346 4807 505 4874 reliquorum
523 4823 697 4869 numerorum,
717 4807 760 4873 qui
779 4813 839 4857 sunt
857 4804 946 4857 colors
960 4805 1047 4872 prirua
1064 4803 1243 4856 Oornouinmm
1263 4831 1297 4842 -
1316 4822 1430 4859 numerus

97 4898 245 4951 Aaronem
265 4899 464 4950 Aurelianorum
487 4929 521 4938 —
547 4916 638 4950 canan
656 4896 830 4949 Sarmatarum
854 4927 887 4936 —
913 4897 958 4947 ala
974 4897 1059 4963 prima
1075 4894 1191 4948 Hercula
1210 4897 1280 4960 (sic),
1305 4915 1362 4949 cum
1382 4907 1433 4951 tres

97 5002 182 5058 aperte
201 4994 288 5059 quarti
309 4993 404 5043 saeculi
424 4999 512 5042 notam
531 4992 656 5053 babeant,
682 4991 713 5040 de
733 4990 869 5041 Cornoalia
889 4989 1001 5040 dubitari
1020 4995 1115 5054 potest;
1140 4996 1167 5038 at
1185 4990 1206 5039 si
1230 4997 1301 5052 sunt,
1327 4997 1353 5039 ut
1378 5005 1433 5042 esse

95 5085 247 5148 creduntur,
268 5085 395 5136 Cornavii
414 5085 557 5135 Ptolemaei
576 5083 686 5149 populus
704 5082 852 5143 Britannus,
873 5081 966 5132 cohors
981 5081 1131 5146 posterioris
1143 5081 1250 5146 originis
1264 5088 1290 5130 et
1302 5083 1359 5147 ipsa
1379 5091 1431 5148 est;

94 5191 151 5226 uam
170 5178 340 5229 Britannicus
362 5176 470 5225 dilectus
490 5176 596 5226 meliore
616 5181 699 5225 aetate
719 5189 770 5224 non
789 5189 835 5238 per
854 5174 964 5238 populos
983 5173 1064 5224 lactus
1085 5181 1130 5224 cst.

1165 5279 1221 5338 11·
