3450 5842
90 541 155 592 1405
540 539 769 590 avcranrvn.
814 539 969 590 scama.
1345 515 1416 586 595

96 643 227 653 ——..-—
238 636 1415 650 —ss——ffi—ffl--ffl

130 713 214 772 Inter
238 713 276 770 10
291 713 341 771 lin.
364 721 393 772 et
418 713 451 770 ll
481 713 617 772 videntur
639 730 726 772 erasa
748 730 814 772 esse
836 713 928 772 verba
949 726 1065 772 ueruto
1078 741 1084 754 ·
1097 727 1113 768 e
1125 739 1131 754 ·
1144 725 1160 767 r
1173 740 1179 754 ·
1193 725 1248 768 tnv
1259 738 1265 752 ·
1278 725 1349 770 nvo.
1380 741 1418 752 -

91 817 126 876 ll
150 844 166 874 a
188 829 310 874 nonna·
331 816 544 893 interpretatur
559 815 699 893 Ramsay.
718 847 755 857 -
776 815 960 873 Maximinus
981 831 1159 891 quamquam
1181 811 1342 870 adamum
1359 810 1418 870 308

91 921 247 995 Augustus
278 919 376 977 factus
409 927 469 990 est,
501 937 568 978 oum
597 915 815 978 Constantinus
842 920 997 994 Augustus
1032 924 1148 975 creatus
1181 923 1263 973 esset
1294 933 1320 972 a.
1349 912 1419 985 306,

89 1020 225 1078 Licinius
248 1040 274 1080 a.
291 1021 361 1094 307,
388 1021 582 1080 nihilominus
610 1032 639 1080 et
664 1022 696 1080 in
717 1023 774 1078 hoc
800 1020 887 1078 titulo
914 1019 1042 1096 primum
1069 1018 1167 1076 locum
1196 1017 1308 1075 obtinet
1334 1022 1364 1074 et
1389 1016 1420 1073 in

91 1123 185 1182 altero
207 1121 320 1182 Norico
343 1121 451 1194 c.111‚
475 1123 570 1196 55653
594 1123 708 1182 scilicet
729 1142 756 1180 a.
772 1123 888 1184 demum
912 1120 970 1178 312
994 1130 1117 1189 senatus,
1141 1126 1173 1177 ut
1195 1119 1235 1177 ait
1258 1124 1362 1176 auctor
1384 1116 1421 1174 de

91 1233 179 1284 mort.
202 1243 315 1300 perseo.
338 1243 362 1282 o.
376 1226 426 1297 44,
453 1226 635 1285 Constantino
657 1229 772 1284 virtatia'
788 1229 886 1300 qratia
905 1226 995 1299 primi
1015 1225 1134 1280 nominis
1158 1223 1269 1279 tilulum
1290 1221 1420 1289 decrevit,

92 1345 172 1403 quem
194 1328 248 1385 sihi
262 1327 438 1386 Maximinus
459 1329 631 1386 vindicabat.
668 1327 717 1386 Ad
740 1327 769 1385 id
792 1333 912 1385 senatus
934 1323 1103 1383 consultum
1126 1323 1254 1382 formata
1276 1330 1346 1381 sunt
1367 1323 1420 1380 mi·

91 1429 179 1488 liaria
201 1429 307 1488 ltaliae
329 1429 493 1506 superioris
517 1427 550 1488 O.
565 1430 600 1502 V,
623 1428 737 1488 antra.
762 1428 851 1488 8060.
876 1426 971 1497 8963;
1003 1427 1118 1485 scilicet
1140 1425 1181 1484 ibi
1204 1421 1420 1484 Constantinus

92 1531 207 1608 primns
229 1540 288 1602 est,
317 1531 500 1592 Maximinus
523 1532 686 1602 secundus,
713 1531 819 1589 tertius
842 1529 985 1589 Licinius.
1019 1561 1059 1572 -
1096 1525 1194 1605 Caput
1220 1527 1286 1585 viae
1314 1527 1340 1584 si
1367 1525 1423 1584 l'nit

93 1631 247 1692 Laodicea
268 1632 433 1711 Phrygiae,
463 1641 495 1692 ut
521 1633 634 1692 iudicat
656 1633 799 1710 Ramsay,
826 1632 910 1690 Elles
937 1631 1034 1690 vicum
1058 1630 1191 1706 sequitur
1218 1629 1328 1687 finibus
1355 1645 1421 1706 pro·

93 1735 209 1794 vinciae
235 1734 326 1793 Asiae
359 1735 607 1814 comprehensum
639 1735 733 1794 fuisse
766 1743 795 1792 et
826 1735 923 1793 lacum
950 1732 1063 1792 Buldnr
1095 1751 1160 1790 eam
1190 1731 1371 1810 provinciam
1405 1749 1423 1789 a

94 1836 212 1895 Pisidia
233 1854 398 1914 separasse.
781 1821 783 1824 ¹

911 2048 1421 2058 ——--—-—-—-——-—-—

236 2215 575 2277 rnsrnvnnnrvn
598 2215 876 2278 nonnsmovn
900 2217 1025 2280 aaran
1049 2217 1154 2295 (supra
1175 2239 1204 2297 p.
1222 2217 1285 2294 oo).

96 2407 186 2469 1405
214 2411 270 2470 snb
293 2412 415 2470 vasculo
436 2419 571 2470 cretaceo
592 2429 654 2488 rep.
678 2412 753 2489 Pagi
775 2412 813 2471 ad
836 2412 1004 2490 Smyrnam.

688 2568 832 2625 orlnre

690 2703 831 2746 svnont

97 2841 180 2902 Misit
201 2841 414 2920 Papadop'ulos
436 2842 605 2902 Kerameus
628 2864 654 2903 a.
670 2843 758 2903 1884.

630 3925 892 4002 AOHAIA.

543 4187 681 4251 DELVS
703 4191 801 4249 insula
822 4189 863 4264 (v.
879 4208 908 4266 p.
922 4188 986 4265 66).

142 4385 290 4464 Egregius
318 4406 405 4463 quem
433 4405 527 4464 nuper
549 4387 726 4448 Theodorus
749 4387 889 4446 Homolio
914 4387 1007 4446 edidit
1033 4384 1262 4446 commentarius
1289 4385 1327 4444 de
1349 4383 1427 4445 Delo

98 4490 238 4549 Romana
270 4489 325 4563 (les
349 4489 488 4548 Romaim
514 4492 533 4547 d
559 4490 667 4549 Delos:
699 4489 780 4548 Ball.
810 4491 845 4548 ola
873 4509 944 4550 corr.
973 4489 1143 4566 Helleniqaa
1175 4488 1268 4546 vol.8
1296 4506 1323 4545 a.
1347 4487 1427 4547 1884

100 4611 130 4667 p.
147 4589 310 4666 75-158)
342 4590 459 4648 insulae
486 4591 704 4664 condicionem,
737 4610 798 4668 qua
826 4593 952 4670 septimo
980 4592 1168 4670 potissimum
1196 4589 1278 4650 urbis
1306 4589 1428 4648 saeculo

99 4693 171 4763 fuit,
198 4702 228 4750 et
254 4693 424 4751 universum
451 4713 547 4752 rerum
571 4693 773 4752 Romanarum
801 4694 832 4752 in
859 4693 904 4752 his
930 4695 1066 4772 partibus
1093 4701 1202 4752 statum
1231 4692 1313 4751 clara
1338 4710 1428 4751 nova·

100 4813 158 4870 que
179 4793 246 4853 luoe
266 4793 438 4853 illustravit.
483 4793 549 4854 Nos
572 4803 670 4855 autem
693 4797 766 4854 artis
789 4797 898 4855 finibus
920 4795 1028 4854 Latine
1051 4796 1230 4873 scriptorum
1256 4811 1428 4855 monumen·

100 4907 198 4954 torum
221 4895 455 4973 colligendorum
477 4895 610 4956 adstricti
631 4917 667 4956 eo
689 4897 788 4955 officio
811 4899 853 4956 ita
874 4898 1077 4975 defungimur,
1108 4905 1140 4954 ut
1164 4897 1217 4972 qni
1242 4897 1339 4972 ipsam
1365 4915 1428 4956 rem

100 5005 181 5056 recte
203 5006 233 5055 et
253 4997 341 5073 plene
363 5015 486 5057 noscere
508 4998 618 5075 cupiat,
650 5011 717 5057 eum
740 4999 776 5056 ad
799 4997 991 5058 Homolliana
1017 5000 1196 5076 ablegamus.
1244 4997 1313 5058 Hoc
1338 5018 1429 5057 unum

102 5099 262 5157 dolendum
285 5107 340 5170 est,
362 5100 442 5176 quod
464 5119 503 5158 ex
524 5107 608 5158 tanta
623 5101 711 5176 copia
725 5111 991 5173 monumentorum,
1013 5110 1153 5178 quantam
1170 5097 1325 5159 Gallorum
1340 5099 1430 5161 effos-

102 5200 202 5260 siones
226 5199 369 5261 Deliacae
390 5201 592 5280 prodiderunt,
616 5203 693 5261 bona
714 5220 784 5279 pars
808 5203 905 5263 adhuc
926 5203 956 5262 in
979 5203 1096 5264 schedis
1119 5201 1277 5262 delitescit.
