<?xml version="1.0" encoding="UTF-8"?>
<!DOCTYPE html PUBLIC "-//W3C//DTD XHTML 1.0 Transitional//EN"
    "http://www.w3.org/TR/xhtml1/DTD/xhtml1-transitional.dtd">
<html xmlns="http://www.w3.org/1999/xhtml" xml:lang="en" lang="en">
 <head>
  <title>
</title>
<meta http-equiv="Content-Type" content="text/html;charset=utf-8" />
  <meta name='ocr-system' content='tesseract 3.04.00' />
  <meta name='ocr-capabilities' content='ocr_page ocr_carea ocr_par ocr_line ocrx_word'/>
</head>
<body>
  <div class='ocr_page' id='page_1' title='image "./ephemerisepigra03henzgoog/ephemerisepigra03henzgoog_0663.png"; bbox 0 0 3428 5834; ppageno 0'>
   <div class='ocr_carea' id='block_1_1' title="bbox 425 562 1398 637">
    <p class='ocr_par' dir='ltr' id='par_1_1' title="bbox 425 562 1398 637">
     <span class='ocr_line' id='line_1_1' title="bbox 425 562 1398 637; baseline -0.002 -1"><span class='ocrx_word' id='word_1_1' title='bbox 425 581 730 637; x_wconf 78' lang='lat' dir='ltr'>ossnnvanrouus</span> <span class='ocrx_word' id='word_1_2' title='bbox 756 581 1042 636; x_wconf 77' lang='lat' dir='ltr'>nerenaenrcnn.</span> <span class='ocrx_word' id='word_1_3' title='bbox 1326 562 1398 634; x_wconf 89' lang='grc'>635</span> 
     </span>
    </p>
   </div>
   <div class='ocr_carea' id='block_1_2' title="bbox 46 758 1402 5139">
    <p class='ocr_par' dir='ltr' id='par_1_2' title="bbox 60 758 1402 2268">
     <span class='ocr_line' id='line_1_2' title="bbox 60 758 1401 834; baseline -0.001 -19"><span class='ocrx_word' id='word_1_4' title='bbox 60 760 177 816; x_wconf 87' lang='lat' dir='ltr'>ordinis</span> <span class='ocrx_word' id='word_1_5' title='bbox 200 758 301 817; x_wconf 86' lang='lat' dir='ltr'>habeat</span> <span class='ocrx_word' id='word_1_6' title='bbox 323 758 537 834; x_wconf 59' lang='lat' dir='ltr'>dignitatem).</span> <span class='ocrx_word' id='word_1_7' title='bbox 577 758 710 818; x_wconf 82' lang='lat' dir='ltr'>Comites</span> <span class='ocrx_word' id='word_1_8' title='bbox 733 759 763 816; x_wconf 91' lang='lat' dir='ltr'>bi</span> <span class='ocrx_word' id='word_1_9' title='bbox 785 759 936 816; x_wconf 90' lang='lat' dir='ltr'>honorarii</span> <span class='ocrx_word' id='word_1_10' title='bbox 959 759 1117 834; x_wconf 81' lang='lat' dir='ltr'>aliquoties</span> <span class='ocrx_word' id='word_1_11' title='bbox 1137 765 1347 825; x_wconf 83' lang='lat' dir='ltr'><strong>memorantur,</strong></span> <span class='ocrx_word' id='word_1_12' title='bbox 1369 764 1401 814; x_wconf 90' lang='lat' dir='ltr'>ut</span> 
     </span>
     <span class='ocr_line' id='line_1_3' title="bbox 64 857 1402 937; baseline -0.002 -18"><span class='ocrx_word' id='word_1_13' title='bbox 64 862 99 919; x_wconf 92' lang='lat' dir='ltr'>in</span> <span class='ocrx_word' id='word_1_14' title='bbox 120 861 186 936; x_wconf 88' lang='lat' dir='ltr'>lege</span> <span class='ocrx_word' id='word_1_15' title='bbox 208 880 235 918; x_wconf 88' lang='lat' dir='ltr'>a.</span> <span class='ocrx_word' id='word_1_16' title='bbox 253 859 312 919; x_wconf 82' lang='lat'>395</span> <span class='ocrx_word' id='word_1_17' title='bbox 337 857 674 936; x_wconf 83' lang='lat' dir='ltr'>(O.Th.12,1,150):</span> <span class='ocrx_word' id='word_1_18' title='bbox 698 861 822 920; x_wconf 88' lang='lat' dir='ltr'>curiales</span> <span class='ocrx_word' id='word_1_19' title='bbox 844 864 894 937; x_wconf 87' lang='lat' dir='ltr'>qui</span> <span class='ocrx_word' id='word_1_20' title='bbox 915 861 1095 919; x_wconf 72' lang='lat' dir='ltr'><em>honorariam</em></span> <span class='ocrx_word' id='word_1_21' title='bbox 1117 861 1213 936; x_wconf 77' lang='lat' dir='ltr'>adepti</span> <span class='ocrx_word' id='word_1_22' title='bbox 1235 869 1301 918; x_wconf 83' lang='lat' dir='ltr'>sunt</span> <span class='ocrx_word' id='word_1_23' title='bbox 1320 861 1402 932; x_wconf 71' lang='lat' dir='ltr'>cumi7</span> 
     </span>
     <span class='ocr_line' id='line_1_4' title="bbox 63 958 1401 1040; baseline 0 -20"><span class='ocrx_word' id='word_1_24' title='bbox 63 967 166 1034; x_wconf 71' lang='lat' dir='ltr'>duam,</span> <span class='ocrx_word' id='word_1_25' title='bbox 194 969 224 1021; x_wconf 89' lang='lat' dir='ltr'>et</span> <span class='ocrx_word' id='word_1_26' title='bbox 246 962 384 1021; x_wconf 92' lang='lat' dir='ltr'>similiter</span> <span class='ocrx_word' id='word_1_27' title='bbox 407 971 496 1038; x_wconf 87' lang='lat' dir='ltr'>atque</span> <span class='ocrx_word' id='word_1_28' title='bbox 518 963 567 1021; x_wconf 91' lang='lat' dir='ltr'>bic</span> <span class='ocrx_word' id='word_1_29' title='bbox 588 963 697 1022; x_wconf 89' lang='lat' dir='ltr'>sactum</span> <span class='ocrx_word' id='word_1_30' title='bbox 722 973 767 1023; x_wconf 88' lang='lat' dir='ltr'>est</span> <span class='ocrx_word' id='word_1_31' title='bbox 789 971 979 1040; x_wconf 90' lang='lat' dir='ltr'>opponuntur</span> <span class='ocrx_word' id='word_1_32' title='bbox 999 963 1076 1040; x_wconf 88' lang='lat' dir='ltr'>ipsis</span> <span class='ocrx_word' id='word_1_33' title='bbox 1098 962 1256 1020; x_wconf 83' lang='lat' dir='ltr'>comitibus</span> <span class='ocrx_word' id='word_1_34' title='bbox 1282 979 1300 1018; x_wconf 91' lang='lat' dir='ltr'>a</span> <span class='ocrx_word' id='word_1_35' title='bbox 1322 958 1401 1020; x_wconf 83' lang='lat' dir='ltr'>Con-</span> 
     </span>
     <span class='ocr_line' id='line_1_5' title="bbox 65 1062 1402 1142; baseline -0.001 -20"><span class='ocrx_word' id='word_1_36' title='bbox 65 1065 178 1124; x_wconf 87' lang='lat' dir='ltr'>stantio</span> <span class='ocrx_word' id='word_1_37' title='bbox 201 1084 228 1123; x_wconf 90' lang='lat' dir='ltr'>a.</span> <span class='ocrx_word' id='word_1_38' title='bbox 246 1065 304 1124; x_wconf 88' lang='grc'>353</span> <span class='ocrx_word' id='word_1_39' title='bbox 328 1064 424 1122; x_wconf 92' lang='lat' dir='ltr'>ordini</span> <span class='ocrx_word' id='word_1_40' title='bbox 441 1063 734 1142; x_wconf 80' lang='lat' dir='ltr'>Carthaginiensium</span> <span class='ocrx_word' id='word_1_41' title='bbox 758 1066 801 1124; x_wconf 91' lang='lat' dir='ltr'>sic</span> <span class='ocrx_word' id='word_1_42' title='bbox 822 1066 1003 1125; x_wconf 82' lang='lat' dir='ltr'>rescribente</span> <span class='ocrx_word' id='word_1_43' title='bbox 1025 1062 1345 1140; x_wconf 81' lang='lat' dir='ltr'>(0.Th.1u,1,41):</span> <span class='ocrx_word' id='word_1_44' title='bbox 1369 1080 1402 1120; x_wconf 84' lang='lat' dir='ltr'>ea</span> 
     </span>
     <span class='ocr_line' id='line_1_6' title="bbox 61 1167 1400 1245; baseline -0.003 -19"><span class='ocrx_word' id='word_1_45' title='bbox 61 1168 210 1226; x_wconf 79' lang='lat' dir='ltr'>comitibus</span> <span class='ocrx_word' id='word_1_46' title='bbox 232 1176 258 1225; x_wconf 83' lang='lat' dir='ltr'>et</span> <span class='ocrx_word' id='word_1_47' title='bbox 280 1185 313 1224; x_wconf 85' lang='lat' dir='ltr'>ea</span> <span class='ocrx_word' id='word_1_48' title='bbox 330 1168 517 1243; x_wconf 75' lang='lat' dir='ltr'>praesidibus</span> <span class='ocrx_word' id='word_1_49' title='bbox 539 1171 665 1226; x_wconf 80' lang='lat' dir='ltr'>uniuersi</span> <span class='ocrx_word' id='word_1_50' title='bbox 691 1173 841 1245; x_wconf 86' lang='lat' dir='ltr'>ceterique,</span> <span class='ocrx_word' id='word_1_51' title='bbox 870 1171 920 1244; x_wconf 84' lang='lat' dir='ltr'>qui</span> <span class='ocrx_word' id='word_1_52' title='bbox 945 1172 1005 1226; x_wconf 86' lang='lat' dir='ltr'>sine</span> <span class='ocrx_word' id='word_1_53' title='bbox 1031 1169 1275 1226; x_wconf 76' lang='lat' dir='ltr'>administratione</span> <span class='ocrx_word' id='word_1_54' title='bbox 1301 1167 1400 1224; x_wconf 90' lang='lat' dir='ltr'>adum·</span> 
     </span>
     <span class='ocr_line' id='line_1_7' title="bbox 64 1269 1401 1346; baseline -0.004 -17"><span class='ocrx_word' id='word_1_55' title='bbox 64 1271 213 1329; x_wconf 85' lang='lat' dir='ltr'>brutarum</span> <span class='ocrx_word' id='word_1_56' title='bbox 235 1271 403 1346; x_wconf 76' lang='lat' dir='ltr'>dignitatum</span> <span class='ocrx_word' id='word_1_57' title='bbox 431 1270 577 1329; x_wconf 84' lang='lat' dir='ltr'>codicillos</span> <span class='ocrx_word' id='word_1_58' title='bbox 599 1272 768 1328; x_wconf 85' lang='lat' dir='ltr'>honorarius</span> <span class='ocrx_word' id='word_1_59' title='bbox 788 1274 941 1330; x_wconf 79' lang='lat' dir='ltr'>meruerint</span> <span class='ocrx_word' id='word_1_60' title='bbox 1029 1273 1193 1346; x_wconf 74' lang='lat' dir='ltr'>surgantur</span> <span class='ocrx_word' id='word_1_61' title='bbox 1219 1269 1350 1328; x_wconf 85' lang='lat' dir='ltr'>oneribus</span> <span class='ocrx_word' id='word_1_62' title='bbox 1376 1276 1401 1324; x_wconf 88' lang='lat' dir='ltr'>et</span> 
     </span>
     <span class='ocr_line' id='line_1_8' title="bbox 63 1370 1399 1448; baseline -0.002 -19"><span class='ocrx_word' id='word_1_63' title='bbox 63 1372 218 1431; x_wconf 87' lang='lat' dir='ltr'>honoribus</span> <span class='ocrx_word' id='word_1_64' title='bbox 245 1375 394 1431; x_wconf 84' lang='lat' dir='ltr'>uniuersis.</span> <span class='ocrx_word' id='word_1_65' title='bbox 450 1370 631 1431; x_wconf 87' lang='lat' dir='ltr'>Constitutio</span> <span class='ocrx_word' id='word_1_66' title='bbox 659 1393 684 1431; x_wconf 87' lang='lat' dir='ltr'>a.</span> <span class='ocrx_word' id='word_1_67' title='bbox 703 1372 762 1432; x_wconf 82' lang='lat'>385</span> <span class='ocrx_word' id='word_1_68' title='bbox 790 1371 840 1448; x_wconf 87' lang='lat' dir='ltr'>(C.</span> <span class='ocrx_word' id='word_1_69' title='bbox 861 1372 918 1430; x_wconf 87' lang='lat' dir='ltr'>Th.</span> <span class='ocrx_word' id='word_1_70' title='bbox 944 1372 996 1445; x_wconf 92' lang='lat'>12,</span> <span class='ocrx_word' id='word_1_71' title='bbox 1019 1375 1046 1444; x_wconf 92' lang='lat'>1,</span> <span class='ocrx_word' id='word_1_72' title='bbox 1069 1372 1142 1448; x_wconf 85' lang='lat'>109)</span> <span class='ocrx_word' id='word_1_73' title='bbox 1172 1373 1259 1430; x_wconf 90' lang='lat' dir='ltr'>etiam</span> <span class='ocrx_word' id='word_1_74' title='bbox 1288 1387 1399 1448; x_wconf 88' lang='lat' dir='ltr'>agono-</span> 
     </span>
     <span class='ocr_line' id='line_1_9' title="bbox 62 1474 1400 1552; baseline -0.002 -20"><span class='ocrx_word' id='word_1_75' title='bbox 62 1475 162 1534; x_wconf 86' lang='lat' dir='ltr'>thesia</span> <span class='ocrx_word' id='word_1_76' title='bbox 183 1474 347 1552; x_wconf 84' lang='lat' dir='ltr'>perfunctis</span> <span class='ocrx_word' id='word_1_77' title='bbox 368 1475 530 1552; x_wconf 88' lang='lat' dir='ltr'>promittit,</span> <span class='ocrx_word' id='word_1_78' title='bbox 558 1484 591 1532; x_wconf 89' lang='lat' dir='ltr'>ut</span> <span class='ocrx_word' id='word_1_79' title='bbox 616 1476 646 1532; x_wconf 89' lang='lat' dir='ltr'>in</span> <span class='ocrx_word' id='word_1_80' title='bbox 669 1485 836 1550; x_wconf 73' lang='lat' dir='ltr'>perpaucum</span> <span class='ocrx_word' id='word_1_81' title='bbox 862 1495 895 1533; x_wconf 82' lang='lat' dir='ltr'>ea</span> <span class='ocrx_word' id='word_1_82' title='bbox 920 1475 1065 1534; x_wconf 80' lang='lat' dir='ltr'>comitibus</span> <span class='ocrx_word' id='word_1_83' title='bbox 1088 1477 1223 1550; x_wconf 75' lang='lat' dir='ltr'>dignitate</span> <span class='ocrx_word' id='word_1_84' title='bbox 1246 1476 1400 1542; x_wconf 64' lang='lat' dir='ltr'>laetantum</span> 
     </span>
     <span class='ocr_line' id='line_1_10' title="bbox 62 1577 1399 1654; baseline -0.002 -19"><span class='ocrx_word' id='word_1_85' title='bbox 62 1586 229 1653; x_wconf 87' lang='lat' dir='ltr'>sequuntur</span> <span class='ocrx_word' id='word_1_86' title='bbox 250 1595 327 1652; x_wconf 89' lang='lat' dir='ltr'>quae</span> <span class='ocrx_word' id='word_1_87' title='bbox 349 1595 441 1653; x_wconf 88' lang='lat' dir='ltr'>supra</span> <span class='ocrx_word' id='word_1_88' title='bbox 462 1577 562 1635; x_wconf 91' lang='lat' dir='ltr'>rettuli</span> <span class='ocrx_word' id='word_1_89' title='bbox 585 1577 621 1633; x_wconf 90' lang='lat' dir='ltr'>de</span> <span class='ocrx_word' id='word_1_90' title='bbox 643 1577 707 1634; x_wconf 94' lang='lat' dir='ltr'>iure</span> <span class='ocrx_word' id='word_1_91' title='bbox 729 1577 824 1635; x_wconf 88' lang='lat' dir='ltr'>osculi</span> <span class='ocrx_word' id='word_1_92' title='bbox 847 1588 878 1636; x_wconf 89' lang='lat' dir='ltr'>et</span> <span class='ocrx_word' id='word_1_93' title='bbox 898 1596 1066 1637; x_wconf 87' lang='lat' dir='ltr'>consessus.</span> <span class='ocrx_word' id='word_1_94' title='bbox 1105 1577 1279 1654; x_wconf 84' lang='lat' dir='ltr'>Appellatio</span> <span class='ocrx_word' id='word_1_95' title='bbox 1302 1596 1334 1634; x_wconf 81' lang='lat' dir='ltr'>eu</span> <span class='ocrx_word' id='word_1_96' title='bbox 1354 1594 1399 1633; x_wconf 91' lang='lat' dir='ltr'>co·</span> 
     </span>
     <span class='ocr_line' id='line_1_11' title="bbox 62 1677 1397 1757; baseline -0.001 -20"><span class='ocrx_word' id='word_1_97' title='bbox 62 1683 129 1737; x_wconf 84' lang='lat' dir='ltr'>mite</span> <span class='ocrx_word' id='word_1_98' title='bbox 151 1679 212 1749; x_wconf 87' lang='lat' dir='ltr'>vel,</span> <span class='ocrx_word' id='word_1_99' title='bbox 234 1687 267 1736; x_wconf 92' lang='lat' dir='ltr'>ut</span> <span class='ocrx_word' id='word_1_100' title='bbox 289 1680 343 1737; x_wconf 89' lang='lat' dir='ltr'>hac</span> <span class='ocrx_word' id='word_1_101' title='bbox 366 1687 462 1737; x_wconf 86' lang='lat' dir='ltr'>aetate</span> <span class='ocrx_word' id='word_1_102' title='bbox 484 1679 668 1756; x_wconf 87' lang='lat' dir='ltr'>frequentius</span> <span class='ocrx_word' id='word_1_103' title='bbox 692 1678 808 1751; x_wconf 89' lang='lat' dir='ltr'>dicitur,</span> <span class='ocrx_word' id='word_1_104' title='bbox 832 1699 864 1738; x_wconf 84' lang='lat' dir='ltr'>eu</span> <span class='ocrx_word' id='word_1_105' title='bbox 887 1679 1032 1738; x_wconf 83' lang='lat' dir='ltr'>comitibus</span> <span class='ocrx_word' id='word_1_106' title='bbox 1055 1678 1135 1755; x_wconf 88' lang='lat' dir='ltr'>(vide</span> <span class='ocrx_word' id='word_1_107' title='bbox 1159 1698 1249 1757; x_wconf 90' lang='lat' dir='ltr'>supra</span> <span class='ocrx_word' id='word_1_108' title='bbox 1270 1700 1298 1756; x_wconf 92' lang='lat' dir='ltr'>p.</span> <span class='ocrx_word' id='word_1_109' title='bbox 1315 1677 1397 1754; x_wconf 84' lang='lat'>129),</span> 
     </span>
     <span class='ocr_line' id='line_1_12' title="bbox 61 1777 1399 1857; baseline -0.001 -19"><span class='ocrx_word' id='word_1_110' title='bbox 61 1799 246 1857; x_wconf 90' lang='lat' dir='ltr'>quamquam</span> <span class='ocrx_word' id='word_1_111' title='bbox 270 1783 359 1840; x_wconf 92' lang='lat' dir='ltr'>etiam</span> <span class='ocrx_word' id='word_1_112' title='bbox 382 1781 482 1839; x_wconf 88' lang='lat' dir='ltr'>comiti</span> <span class='ocrx_word' id='word_1_113' title='bbox 511 1781 651 1840; x_wconf 86' lang='lat' dir='ltr'>convenit</span> <span class='ocrx_word' id='word_1_114' title='bbox 676 1781 728 1856; x_wconf 91' lang='lat' dir='ltr'>qui</span> <span class='ocrx_word' id='word_1_115' title='bbox 755 1781 962 1840; x_wconf 88' lang='lat' dir='ltr'>administrare</span> <span class='ocrx_word' id='word_1_116' title='bbox 989 1782 1091 1854; x_wconf 88' lang='lat' dir='ltr'>desiit,</span> <span class='ocrx_word' id='word_1_117' title='bbox 1119 1782 1175 1840; x_wconf 91' lang='lat' dir='ltr'>bac</span> <span class='ocrx_word' id='word_1_118' title='bbox 1201 1777 1297 1840; x_wconf 81' lang='lat' dir='ltr'>aetate</span> <span class='ocrx_word' id='word_1_119' title='bbox 1324 1790 1399 1839; x_wconf 90' lang='lat' dir='ltr'>tam·</span> 
     </span>
     <span class='ocr_line' id='line_1_13' title="bbox 61 1882 1398 1962; baseline -0.002 -20"><span class='ocrx_word' id='word_1_120' title='bbox 61 1903 154 1961; x_wconf 87' lang='lat' dir='ltr'>quam</span> <span class='ocrx_word' id='word_1_121' title='bbox 177 1884 299 1959; x_wconf 89' lang='lat' dir='ltr'>propria</span> <span class='ocrx_word' id='word_1_122' title='bbox 320 1883 378 1941; x_wconf 87' lang='lat' dir='ltr'>fuit</span> <span class='ocrx_word' id='word_1_123' title='bbox 399 1884 516 1942; x_wconf 88' lang='lat' dir='ltr'>comitis</span> <span class='ocrx_word' id='word_1_124' title='bbox 537 1883 699 1951; x_wconf 86' lang='lat' dir='ltr'>honorarii,</span> <span class='ocrx_word' id='word_1_125' title='bbox 722 1893 751 1942; x_wconf 88' lang='lat' dir='ltr'>et</span> <span class='ocrx_word' id='word_1_126' title='bbox 773 1884 814 1942; x_wconf 88' lang='lat' dir='ltr'>ita</span> <span class='ocrx_word' id='word_1_127' title='bbox 836 1885 957 1943; x_wconf 92' lang='lat' dir='ltr'>omnino</span> <span class='ocrx_word' id='word_1_128' title='bbox 980 1893 1141 1962; x_wconf 88' lang='lat' dir='ltr'>usurpatur</span> <span class='ocrx_word' id='word_1_129' title='bbox 1163 1886 1193 1943; x_wconf 95' lang='lat' dir='ltr'>in</span> <span class='ocrx_word' id='word_1_130' title='bbox 1213 1885 1298 1942; x_wconf 95' lang='lat' dir='ltr'>titulo</span> <span class='ocrx_word' id='word_1_131' title='bbox 1319 1882 1398 1940; x_wconf 90' lang='lat' dir='ltr'>Tha-</span> 
     </span>
     <span class='ocr_line' id='line_1_14' title="bbox 61 1985 1399 2062; baseline -0.001 -18"><span class='ocrx_word' id='word_1_132' title='bbox 61 1985 250 2061; x_wconf 87' lang='lat' dir='ltr'>mugadensi.</span> <span class='ocrx_word' id='word_1_133' title='bbox 268 2019 305 2028; x_wconf 93' lang='lat'><em>-</em></span> <span class='ocrx_word' id='word_1_134' title='bbox 323 1985 358 2043; x_wconf 93' lang='lat' dir='ltr'>ld</span> <span class='ocrx_word' id='word_1_135' title='bbox 380 1986 477 2062; x_wconf 90' lang='lat' dir='ltr'>ipsum</span> <span class='ocrx_word' id='word_1_136' title='bbox 500 1985 589 2043; x_wconf 89' lang='lat' dir='ltr'>etiam</span> <span class='ocrx_word' id='word_1_137' title='bbox 613 1987 651 2044; x_wconf 89' lang='lat' dir='ltr'>ad</span> <span class='ocrx_word' id='word_1_138' title='bbox 673 1986 809 2044; x_wconf 91' lang='lat' dir='ltr'>tribunos</span> <span class='ocrx_word' id='word_1_139' title='bbox 833 1988 978 2062; x_wconf 89' lang='lat' dir='ltr'>pertinere</span> <span class='ocrx_word' id='word_1_140' title='bbox 995 1995 1024 2045; x_wconf 94' lang='lat' dir='ltr'>et</span> <span class='ocrx_word' id='word_1_141' title='bbox 1039 1987 1069 2044; x_wconf 92' lang='lat' dir='ltr'>in</span> <span class='ocrx_word' id='word_1_142' title='bbox 1085 2004 1201 2045; x_wconf 90' lang='lat' dir='ltr'>summa</span> <span class='ocrx_word' id='word_1_143' title='bbox 1216 1987 1254 2044; x_wconf 90' lang='lat' dir='ltr'>ad</span> <span class='ocrx_word' id='word_1_144' title='bbox 1268 1987 1399 2044; x_wconf 79' lang='lat' dir='ltr'>honores</span> 
     </span>
     <span class='ocr_line' id='line_1_15' title="bbox 61 2088 1399 2167; baseline -0.001 -21"><span class='ocrx_word' id='word_1_145' title='bbox 61 2089 209 2146; x_wconf 89' lang='lat' dir='ltr'>militares</span> <span class='ocrx_word' id='word_1_146' title='bbox 231 2106 334 2146; x_wconf 89' lang='lat' dir='ltr'>omnes</span> <span class='ocrx_word' id='word_1_147' title='bbox 355 2106 452 2164; x_wconf 91' lang='lat' dir='ltr'>neque</span> <span class='ocrx_word' id='word_1_148' title='bbox 474 2099 572 2147; x_wconf 91' lang='lat' dir='ltr'>tamen</span> <span class='ocrx_word' id='word_1_149' title='bbox 599 2088 762 2146; x_wconf 46' lang='lat' dir='ltr'>adiciriles</span> <span class='ocrx_word' id='word_1_150' title='bbox 788 2089 819 2146; x_wconf 91' lang='lat' dir='ltr'>in</span> <span class='ocrx_word' id='word_1_151' title='bbox 845 2089 1090 2148; x_wconf 90' lang='lat' dir='ltr'>commentariolo</span> <span class='ocrx_word' id='word_1_152' title='bbox 1117 2090 1154 2147; x_wconf 90' lang='lat' dir='ltr'>de</span> <span class='ocrx_word' id='word_1_153' title='bbox 1180 2088 1399 2167; x_wconf 86' lang='lat' dir='ltr'>protectoribus</span> 
     </span>
     <span class='ocr_line' id='line_1_16' title="bbox 61 2189 741 2268; baseline -0.003 -19"><span class='ocrx_word' id='word_1_154' title='bbox 61 2191 173 2268; x_wconf 88' lang='lat' dir='ltr'>(supra</span> <span class='ocrx_word' id='word_1_155' title='bbox 194 2210 223 2267; x_wconf 93' lang='lat' dir='ltr'>p.</span> <span class='ocrx_word' id='word_1_156' title='bbox 239 2191 296 2249; x_wconf 83' lang='lat'>129</span> <span class='ocrx_word' id='word_1_157' title='bbox 313 2189 390 2266; x_wconf 89' lang='lat' dir='ltr'>seq.)</span> <span class='ocrx_word' id='word_1_158' title='bbox 412 2209 506 2267; x_wconf 87' lang='lat' dir='ltr'>nuper</span> <span class='ocrx_word' id='word_1_159' title='bbox 528 2190 741 2248; x_wconf 84' lang='lat' dir='ltr'>demonstravi.</span> 
     </span>
    </p>

    <p class='ocr_par' dir='ltr' id='par_1_3' title="bbox 58 2292 1400 2984">
     <span class='ocr_line' id='line_1_17' title="bbox 106 2292 1398 2371; baseline 0 -21"><span class='ocrx_word' id='word_1_160' title='bbox 106 2292 177 2350; x_wconf 92' lang='lat' dir='ltr'>Duo</span> <span class='ocrx_word' id='word_1_161' title='bbox 200 2292 340 2351; x_wconf 90' lang='lat' dir='ltr'>comitum</span> <span class='ocrx_word' id='word_1_162' title='bbox 362 2309 473 2368; x_wconf 90' lang='lat' dir='ltr'>genera</span> <span class='ocrx_word' id='word_1_163' title='bbox 494 2301 555 2350; x_wconf 91' lang='lat' dir='ltr'>tam</span> <span class='ocrx_word' id='word_1_164' title='bbox 577 2293 628 2368; x_wconf 91' lang='lat' dir='ltr'>qui</span> <span class='ocrx_word' id='word_1_165' title='bbox 649 2293 681 2350; x_wconf 93' lang='lat' dir='ltr'>in</span> <span class='ocrx_word' id='word_1_166' title='bbox 703 2293 961 2352; x_wconf 81' lang='lat' dir='ltr'>administratione</span> <span class='ocrx_word' id='word_1_167' title='bbox 981 2302 1011 2352; x_wconf 90' lang='lat' dir='ltr'>et</span> <span class='ocrx_word' id='word_1_168' title='bbox 1030 2305 1152 2371; x_wconf 90' lang='lat' dir='ltr'>propter</span> <span class='ocrx_word' id='word_1_169' title='bbox 1167 2293 1398 2352; x_wconf 87' lang='lat' dir='ltr'>administratio·</span> 
     </span>
     <span class='ocr_line' id='line_1_18' title="bbox 63 2395 1399 2472; baseline 0 -20"><span class='ocrx_word' id='word_1_170' title='bbox 63 2414 131 2452; x_wconf 84' lang='lat' dir='ltr'>nem</span> <span class='ocrx_word' id='word_1_171' title='bbox 156 2395 325 2453; x_wconf 79' lang='lat' dir='ltr'>comitivam</span> <span class='ocrx_word' id='word_1_172' title='bbox 349 2395 535 2471; x_wconf 85' lang='lat' dir='ltr'>accipiebant</span> <span class='ocrx_word' id='word_1_173' title='bbox 556 2413 645 2470; x_wconf 90' lang='lat' dir='ltr'>quam</span> <span class='ocrx_word' id='word_1_174' title='bbox 668 2395 836 2454; x_wconf 89' lang='lat' dir='ltr'>honorariis</span> <span class='ocrx_word' id='word_1_175' title='bbox 860 2396 1004 2455; x_wconf 85' lang='lat' dir='ltr'>codicillis</span> <span class='ocrx_word' id='word_1_176' title='bbox 1026 2398 1117 2455; x_wconf 88' lang='lat' dir='ltr'>creati</span> <span class='ocrx_word' id='word_1_177' title='bbox 1139 2397 1196 2454; x_wconf 88' lang='lat' dir='ltr'>hac</span> <span class='ocrx_word' id='word_1_178' title='bbox 1218 2405 1315 2454; x_wconf 89' lang='lat' dir='ltr'>aetate</span> <span class='ocrx_word' id='word_1_179' title='bbox 1339 2395 1399 2472; x_wconf 93' lang='lat' dir='ltr'>ple-</span> 
     </span>
     <span class='ocr_line' id='line_1_19' title="bbox 62 2495 1399 2575; baseline 0.001 -21"><span class='ocrx_word' id='word_1_180' title='bbox 62 2515 191 2572; x_wconf 88' lang='lat' dir='ltr'>rumque</span> <span class='ocrx_word' id='word_1_181' title='bbox 213 2495 503 2572; x_wconf 88' lang='lat' dir='ltr'>comprehenduntur</span> <span class='ocrx_word' id='word_1_182' title='bbox 525 2495 667 2555; x_wconf 82' lang='lat' dir='ltr'>vocabulo</span> <span class='ocrx_word' id='word_1_183' title='bbox 689 2497 915 2569; x_wconf 90' lang='lat' dir='ltr'>honoratorum,</span> <span class='ocrx_word' id='word_1_184' title='bbox 937 2498 974 2558; x_wconf 88' lang='lat' dir='ltr'>de</span> <span class='ocrx_word' id='word_1_185' title='bbox 996 2517 1056 2575; x_wconf 91' lang='lat' dir='ltr'>quo</span> <span class='ocrx_word' id='word_1_186' title='bbox 1078 2517 1155 2575; x_wconf 87' lang='lat' dir='ltr'>quae</span> <span class='ocrx_word' id='word_1_187' title='bbox 1179 2497 1287 2556; x_wconf 88' lang='lat' dir='ltr'>tradita</span> <span class='ocrx_word' id='word_1_188' title='bbox 1308 2498 1399 2556; x_wconf 88' lang='lat' dir='ltr'>habe-</span> 
     </span>
     <span class='ocr_line' id='line_1_20' title="bbox 62 2597 1400 2676; baseline 0 -18"><span class='ocrx_word' id='word_1_189' title='bbox 62 2617 146 2669; x_wconf 88' lang='lat' dir='ltr'>mus,</span> <span class='ocrx_word' id='word_1_190' title='bbox 181 2599 348 2657; x_wconf 87' lang='lat' dir='ltr'>admirabili</span> <span class='ocrx_word' id='word_1_191' title='bbox 376 2599 513 2658; x_wconf 88' lang='lat' dir='ltr'>doctrina</span> <span class='ocrx_word' id='word_1_192' title='bbox 541 2599 710 2676; x_wconf 89' lang='lat' dir='ltr'>composuit</span> <span class='ocrx_word' id='word_1_193' title='bbox 738 2597 943 2659; x_wconf 81' lang='lat' dir='ltr'>Gotboiredus</span> <span class='ocrx_word' id='word_1_194' title='bbox 969 2600 1006 2658; x_wconf 87' lang='lat' dir='ltr'>ad</span> <span class='ocrx_word' id='word_1_195' title='bbox 1034 2598 1069 2660; x_wconf 85' lang='lat' dir='ltr'>C.</span> <span class='ocrx_word' id='word_1_196' title='bbox 1089 2600 1146 2659; x_wconf 85' lang='lat' dir='ltr'>Tb.</span> <span class='ocrx_word' id='word_1_197' title='bbox 1170 2601 1200 2672; x_wconf 92' lang='lat'>1,</span> <span class='ocrx_word' id='word_1_198' title='bbox 1223 2601 1256 2672; x_wconf 86' lang='lat'>8,</span> <span class='ocrx_word' id='word_1_199' title='bbox 1280 2601 1293 2656; x_wconf 94' lang='lat'>1</span> <span class='ocrx_word' id='word_1_200' title='bbox 1328 2616 1400 2658; x_wconf 90' lang='lat' dir='ltr'>suae</span> 
     </span>
     <span class='ocr_line' id='line_1_21' title="bbox 62 2701 1400 2778; baseline -0.001 -17"><span class='ocrx_word' id='word_1_201' title='bbox 62 2703 213 2761; x_wconf 85' lang='lat' dir='ltr'>editionis.</span> <span class='ocrx_word' id='word_1_202' title='bbox 263 2701 458 2778; x_wconf 86' lang='lat' dir='ltr'>Adlegabitur</span> <span class='ocrx_word' id='word_1_203' title='bbox 485 2701 672 2761; x_wconf 88' lang='lat' dir='ltr'>solummodo</span> <span class='ocrx_word' id='word_1_204' title='bbox 699 2702 874 2760; x_wconf 89' lang='lat' dir='ltr'>constitutio</span> <span class='ocrx_word' id='word_1_205' title='bbox 896 2721 922 2762; x_wconf 87' lang='lat' dir='ltr'>a.</span> <span class='ocrx_word' id='word_1_206' title='bbox 939 2702 995 2760; x_wconf 82' lang='lat'>401</span> <span class='ocrx_word' id='word_1_207' title='bbox 1023 2701 1326 2778; x_wconf 82' lang='lat' dir='ltr'>(0.Th.1,15‚16)</span> <span class='ocrx_word' id='word_1_208' title='bbox 1355 2709 1400 2760; x_wconf 92' lang='lat' dir='ltr'>ut·</span> 
     </span>
     <span class='ocr_line' id='line_1_22' title="bbox 61 2803 1399 2882; baseline -0.001 -20"><span class='ocrx_word' id='word_1_209' title='bbox 61 2815 133 2881; x_wconf 93' lang='lat' dir='ltr'>pote</span> <span class='ocrx_word' id='word_1_210' title='bbox 157 2803 193 2860; x_wconf 90' lang='lat' dir='ltr'>ad</span> <span class='ocrx_word' id='word_1_211' title='bbox 217 2811 353 2862; x_wconf 85' lang='lat' dir='ltr'>nostrum</span> <span class='ocrx_word' id='word_1_212' title='bbox 376 2811 580 2881; x_wconf 87' lang='lat' dir='ltr'>argumentum</span> <span class='ocrx_word' id='word_1_213' title='bbox 603 2804 723 2880; x_wconf 89' lang='lat' dir='ltr'>proprie</span> <span class='ocrx_word' id='word_1_214' title='bbox 744 2812 895 2879; x_wconf 85' lang='lat' dir='ltr'>spectans:</span> <span class='ocrx_word' id='word_1_215' title='bbox 924 2805 1035 2863; x_wconf 86' lang='lat' dir='ltr'>nullum</span> <span class='ocrx_word' id='word_1_216' title='bbox 1057 2809 1172 2882; x_wconf 83' lang='lat' dir='ltr'>penitas</span> <span class='ocrx_word' id='word_1_217' title='bbox 1199 2805 1399 2863; x_wconf 87' lang='lat' dir='ltr'>honoratorum</span> 
     </span>
     <span class='ocr_line' id='line_1_23' title="bbox 58 2906 1398 2984; baseline -0.001 -19"><span class='ocrx_word' id='word_1_218' title='bbox 58 2907 177 2984; x_wconf 85' lang='lat' dir='ltr'>publiea</span> <span class='ocrx_word' id='word_1_219' title='bbox 198 2908 370 2964; x_wconf 85' lang='lat' dir='ltr'>salutatione</span> <span class='ocrx_word' id='word_1_220' title='bbox 391 2909 451 2964; x_wconf 85' lang='lat' dir='ltr'>sine</span> <span class='ocrx_word' id='word_1_221' title='bbox 474 2906 631 2982; x_wconf 73' lang='lat' dir='ltr'>chlamydis</span> <span class='ocrx_word' id='word_1_222' title='bbox 653 2908 813 2965; x_wconf 89' lang='lat' dir='ltr'>indumento</span> <span class='ocrx_word' id='word_1_223' title='bbox 835 2910 975 2965; x_wconf 87' lang='lat' dir='ltr'>vicariam</span> <span class='ocrx_word' id='word_1_224' title='bbox 988 2917 1156 2983; x_wconf 80' lang='lat' dir='ltr'>potestatem</span> <span class='ocrx_word' id='word_1_225' title='bbox 1178 2910 1260 2966; x_wconf 88' lang='lat' dir='ltr'>adire</span> <span class='ocrx_word' id='word_1_226' title='bbox 1283 2917 1398 2983; x_wconf 85' lang='lat' dir='ltr'>oportet.</span> 
     </span>
    </p>

    <p class='ocr_par' dir='ltr' id='par_1_4' title="bbox 46 3007 1402 5139">
     <span class='ocr_line' id='line_1_24' title="bbox 106 3007 1400 3086; baseline -0.002 -17"><span class='ocrx_word' id='word_1_227' title='bbox 106 3007 249 3084; x_wconf 85' lang='lat' dir='ltr'>Sequitur</span> <span class='ocrx_word' id='word_1_228' title='bbox 270 3009 300 3066; x_wconf 91' lang='lat' dir='ltr'>in</span> <span class='ocrx_word' id='word_1_229' title='bbox 323 3009 420 3085; x_wconf 90' lang='lat' dir='ltr'>primo</span> <span class='ocrx_word' id='word_1_230' title='bbox 442 3009 538 3084; x_wconf 87' lang='lat' dir='ltr'>gradu</span> <span class='ocrx_word' id='word_1_231' title='bbox 559 3019 682 3083; x_wconf 88' lang='lat' dir='ltr'>quartus</span> <span class='ocrx_word' id='word_1_232' title='bbox 704 3008 777 3066; x_wconf 89' lang='lat' dir='ltr'>ordo</span> <span class='ocrx_word' id='word_1_233' title='bbox 797 3010 1070 3079; x_wconf 81' lang='lat' dir='ltr'>administratorum,</span> <span class='ocrx_word' id='word_1_234' title='bbox 1093 3029 1152 3086; x_wconf 92' lang='lat' dir='ltr'>quo</span> <span class='ocrx_word' id='word_1_235' title='bbox 1167 3010 1313 3068; x_wconf 90' lang='lat' dir='ltr'>vocabulo</span> <span class='ocrx_word' id='word_1_236' title='bbox 1328 3009 1400 3085; x_wconf 92' lang='lat' dir='ltr'>quid</span> 
     </span>
     <span class='ocr_line' id='line_1_25' title="bbox 62 3110 1400 3188; baseline -0.001 -20"><span class='ocrx_word' id='word_1_237' title='bbox 62 3112 121 3169; x_wconf 94' lang='lat' dir='ltr'>boc</span> <span class='ocrx_word' id='word_1_238' title='bbox 143 3111 212 3170; x_wconf 93' lang='lat' dir='ltr'>loco</span> <span class='ocrx_word' id='word_1_239' title='bbox 233 3111 353 3188; x_wconf 87' lang='lat' dir='ltr'>proprie</span> <span class='ocrx_word' id='word_1_240' title='bbox 375 3110 575 3188; x_wconf 85' lang='lat' dir='ltr'>significetur,</span> <span class='ocrx_word' id='word_1_241' title='bbox 591 3110 701 3186; x_wconf 85' lang='lat' dir='ltr'>ambigi</span> <span class='ocrx_word' id='word_1_242' title='bbox 723 3119 831 3186; x_wconf 88' lang='lat' dir='ltr'>potest.</span> <span class='ocrx_word' id='word_1_243' title='bbox 876 3111 1098 3170; x_wconf 71' lang='lat' dir='ltr'>administrant</span> <span class='ocrx_word' id='word_1_244' title='bbox 1119 3121 1197 3170; x_wconf 91' lang='lat' dir='ltr'>certe</span> <span class='ocrx_word' id='word_1_245' title='bbox 1219 3113 1400 3188; x_wconf 90' lang='lat' dir='ltr'>quicumque</span> 
     </span>
     <span class='ocr_line' id='line_1_26' title="bbox 61 3213 1400 3291; baseline -0.001 -19"><span class='ocrx_word' id='word_1_246' title='bbox 61 3214 216 3291; x_wconf 90' lang='lat' dir='ltr'>publicum</span> <span class='ocrx_word' id='word_1_247' title='bbox 240 3213 370 3274; x_wconf 84' lang='lat' dir='ltr'>officium</span> <span class='ocrx_word' id='word_1_248' title='bbox 393 3220 509 3289; x_wconf 89' lang='lat' dir='ltr'>gerunt,</span> <span class='ocrx_word' id='word_1_249' title='bbox 531 3230 655 3289; x_wconf 89' lang='lat' dir='ltr'>praeses</span> <span class='ocrx_word' id='word_1_250' title='bbox 677 3213 850 3289; x_wconf 83' lang='lat' dir='ltr'>provinciae</span> <span class='ocrx_word' id='word_1_251' title='bbox 872 3222 902 3272; x_wconf 91' lang='lat' dir='ltr'>et</span> <span class='ocrx_word' id='word_1_252' title='bbox 924 3214 1080 3272; x_wconf 88' lang='lat' dir='ltr'>rationalis</span> <span class='ocrx_word' id='word_1_253' title='bbox 1104 3232 1286 3272; x_wconf 88' lang='lat' dir='ltr'>summarum</span> <span class='ocrx_word' id='word_1_254' title='bbox 1308 3223 1337 3272; x_wconf 90' lang='lat' dir='ltr'>et</span> <span class='ocrx_word' id='word_1_255' title='bbox 1356 3214 1400 3272; x_wconf 88' lang='lat' dir='ltr'>sio</span> 
     </span>
     <span class='ocr_line' id='line_1_27' title="bbox 62 3314 1398 3392; baseline 0 -18"><span class='ocrx_word' id='word_1_256' title='bbox 62 3317 216 3392; x_wconf 87' lang='lat' dir='ltr'>deinceps,</span> <span class='ocrx_word' id='word_1_257' title='bbox 239 3315 414 3391; x_wconf 87' lang='lat' dir='ltr'>videturque</span> <span class='ocrx_word' id='word_1_258' title='bbox 436 3314 581 3375; x_wconf 78' lang='lat' dir='ltr'>vocabulo</span> <span class='ocrx_word' id='word_1_259' title='bbox 604 3315 855 3374; x_wconf 87' lang='lat' dir='ltr'>administratoris</span> <span class='ocrx_word' id='word_1_260' title='bbox 878 3324 957 3374; x_wconf 88' lang='lat' dir='ltr'>recte</span> <span class='ocrx_word' id='word_1_261' title='bbox 978 3317 1089 3392; x_wconf 93' lang='lat' dir='ltr'>opponi</span> <span class='ocrx_word' id='word_1_262' title='bbox 1110 3316 1234 3374; x_wconf 90' lang='lat' dir='ltr'>alterum</span> <span class='ocrx_word' id='word_1_263' title='bbox 1251 3315 1398 3387; x_wconf 87' lang='lat' dir='ltr'>officialis,</span> 
     </span>
     <span class='ocr_line' id='line_1_28' title="bbox 62 3416 1400 3495; baseline -0.001 -19"><span class='ocrx_word' id='word_1_264' title='bbox 62 3429 96 3478; x_wconf 91' lang='lat' dir='ltr'>nt</span> <span class='ocrx_word' id='word_1_265' title='bbox 118 3418 170 3476; x_wconf 90' lang='lat' dir='ltr'>ille</span> <span class='ocrx_word' id='word_1_266' title='bbox 193 3419 312 3494; x_wconf 86' lang='lat' dir='ltr'>publiea</span> <span class='ocrx_word' id='word_1_267' title='bbox 333 3418 454 3495; x_wconf 90' lang='lat' dir='ltr'>negotia</span> <span class='ocrx_word' id='word_1_268' title='bbox 475 3426 569 3494; x_wconf 86' lang='lat' dir='ltr'>gerat,</span> <span class='ocrx_word' id='word_1_269' title='bbox 592 3416 641 3474; x_wconf 91' lang='lat' dir='ltr'>hic</span> <span class='ocrx_word' id='word_1_270' title='bbox 663 3418 777 3493; x_wconf 89' lang='lat' dir='ltr'>gerenti</span> <span class='ocrx_word' id='word_1_271' title='bbox 796 3431 900 3494; x_wconf 90' lang='lat' dir='ltr'>pareat</span> <span class='ocrx_word' id='word_1_272' title='bbox 914 3430 944 3477; x_wconf 90' lang='lat' dir='ltr'>et</span> <span class='ocrx_word' id='word_1_273' title='bbox 958 3427 1111 3495; x_wconf 87' lang='lat' dir='ltr'>appareat.</span> <span class='ocrx_word' id='word_1_274' title='bbox 1149 3416 1209 3478; x_wconf 88' lang='lat' dir='ltr'>Sed</span> <span class='ocrx_word' id='word_1_275' title='bbox 1225 3419 1288 3478; x_wconf 92' lang='lat' dir='ltr'>eius</span> <span class='ocrx_word' id='word_1_276' title='bbox 1303 3419 1400 3495; x_wconf 90' lang='lat' dir='ltr'>digni-</span> 
     </span>
     <span class='ocr_line' id='line_1_29' title="bbox 61 3519 1400 3598; baseline 0 -18"><span class='ocrx_word' id='word_1_277' title='bbox 61 3521 135 3580; x_wconf 90' lang='lat' dir='ltr'>tatis</span> <span class='ocrx_word' id='word_1_278' title='bbox 159 3520 414 3579; x_wconf 84' lang='lat' dir='ltr'>administratores</span> <span class='ocrx_word' id='word_1_279' title='bbox 437 3520 485 3578; x_wconf 91' lang='lat' dir='ltr'>bic</span> <span class='ocrx_word' id='word_1_280' title='bbox 505 3521 532 3577; x_wconf 90' lang='lat' dir='ltr'>si</span> <span class='ocrx_word' id='word_1_281' title='bbox 554 3519 767 3596; x_wconf 90' lang='lat' dir='ltr'>significantur,</span> <span class='ocrx_word' id='word_1_282' title='bbox 791 3521 842 3578; x_wconf 86' lang='lat' dir='ltr'>vix</span> <span class='ocrx_word' id='word_1_283' title='bbox 865 3521 999 3598; x_wconf 89' lang='lat' dir='ltr'>intellegi</span> <span class='ocrx_word' id='word_1_284' title='bbox 1022 3529 1130 3598; x_wconf 88' lang='lat' dir='ltr'>potest,</span> <span class='ocrx_word' id='word_1_285' title='bbox 1153 3540 1205 3579; x_wconf 91' lang='lat' dir='ltr'>cur</span> <span class='ocrx_word' id='word_1_286' title='bbox 1222 3521 1400 3580; x_wconf 85' lang='lat' dir='ltr'>vocabulum</span> 
     </span>
     <span class='ocr_line' id='line_1_30' title="bbox 59 3621 1399 3698; baseline -0.001 -16"><span class='ocrx_word' id='word_1_287' title='bbox 59 3624 212 3682; x_wconf 86' lang='lat' dir='ltr'>adiectum</span> <span class='ocrx_word' id='word_1_288' title='bbox 234 3623 286 3694; x_wconf 89' lang='lat' dir='ltr'>sit;</span> <span class='ocrx_word' id='word_1_289' title='bbox 310 3623 340 3680; x_wconf 93' lang='lat' dir='ltr'>hi</span> <span class='ocrx_word' id='word_1_290' title='bbox 362 3623 440 3681; x_wconf 93' lang='lat' dir='ltr'>enim</span> <span class='ocrx_word' id='word_1_291' title='bbox 463 3621 722 3680; x_wconf 86' lang='lat' dir='ltr'>administratores</span> <span class='ocrx_word' id='word_1_292' title='bbox 745 3622 1037 3698; x_wconf 90' lang='lat' dir='ltr'>comprehenduntur</span> <span class='ocrx_word' id='word_1_293' title='bbox 1059 3641 1160 3681; x_wconf 88' lang='lat' dir='ltr'>omnes</span> <span class='ocrx_word' id='word_1_294' title='bbox 1185 3633 1237 3681; x_wconf 91' lang='lat' dir='ltr'>aut</span> <span class='ocrx_word' id='word_1_295' title='bbox 1256 3624 1399 3682; x_wconf 88' lang='lat' dir='ltr'>senatori·</span> 
     </span>
     <span class='ocr_line' id='line_1_31' title="bbox 58 3722 1399 3801; baseline -0.003 -16"><span class='ocrx_word' id='word_1_296' title='bbox 58 3729 120 3785; x_wconf 89' lang='lat' dir='ltr'>bns</span> <span class='ocrx_word' id='word_1_297' title='bbox 144 3734 197 3782; x_wconf 91' lang='lat' dir='ltr'>aut</span> <span class='ocrx_word' id='word_1_298' title='bbox 219 3735 297 3782; x_wconf 90' lang='lat' dir='ltr'>certe</span> <span class='ocrx_word' id='word_1_299' title='bbox 319 3724 486 3783; x_wconf 88' lang='lat' dir='ltr'>comitibus.</span> <span class='ocrx_word' id='word_1_300' title='bbox 524 3722 631 3799; x_wconf 89' lang='lat' dir='ltr'>Neque</span> <span class='ocrx_word' id='word_1_301' title='bbox 653 3725 886 3782; x_wconf 84' lang='lat' dir='ltr'>obliviscendum</span> <span class='ocrx_word' id='word_1_302' title='bbox 908 3733 962 3796; x_wconf 89' lang='lat' dir='ltr'>est,</span> <span class='ocrx_word' id='word_1_303' title='bbox 985 3744 1051 3784; x_wconf 90' lang='lat' dir='ltr'>oum</span> <span class='ocrx_word' id='word_1_304' title='bbox 1067 3734 1173 3801; x_wconf 89' lang='lat' dir='ltr'>agatur</span> <span class='ocrx_word' id='word_1_305' title='bbox 1188 3725 1225 3781; x_wconf 92' lang='lat' dir='ltr'>de</span> <span class='ocrx_word' id='word_1_306' title='bbox 1241 3724 1399 3783; x_wconf 89' lang='lat' dir='ltr'>salutando</span> 
     </span>
     <span class='ocr_line' id='line_1_32' title="bbox 57 3825 1400 3908; baseline -0.002 -21"><span class='ocrx_word' id='word_1_307' title='bbox 57 3827 203 3908; x_wconf 86' lang='lat' dir='ltr'>praeside</span> <span class='ocrx_word' id='word_1_308' title='bbox 219 3825 389 3898; x_wconf 88' lang='lat' dir='ltr'>Numidiae,</span> <span class='ocrx_word' id='word_1_309' title='bbox 412 3826 593 3886; x_wconf 87' lang='lat' dir='ltr'>salutatores</span> <span class='ocrx_word' id='word_1_310' title='bbox 616 3827 802 3902; x_wconf 89' lang='lat' dir='ltr'>potissimum</span> <span class='ocrx_word' id='word_1_311' title='bbox 823 3827 1008 3902; x_wconf 88' lang='lat' dir='ltr'>quaerendos</span> <span class='ocrx_word' id='word_1_312' title='bbox 1024 3844 1090 3884; x_wconf 87' lang='lat' dir='ltr'>esse</span> <span class='ocrx_word' id='word_1_313' title='bbox 1106 3827 1184 3884; x_wconf 87' lang='lat' dir='ltr'>inter</span> <span class='ocrx_word' id='word_1_314' title='bbox 1199 3826 1400 3901; x_wconf 88' lang='lat' dir='ltr'>provinciales</span> 
     </span>
     <span class='ocr_line' id='line_1_33' title="bbox 55 3927 1401 4004; baseline -0.004 -14"><span class='ocrx_word' id='word_1_315' title='bbox 55 3933 87 3991; x_wconf 91' lang='lat' dir='ltr'>ei</span> <span class='ocrx_word' id='word_1_316' title='bbox 115 3929 253 3988; x_wconf 90' lang='lat' dir='ltr'>subditos</span> <span class='ocrx_word' id='word_1_317' title='bbox 276 3937 305 3986; x_wconf 89' lang='lat' dir='ltr'>et</span> <span class='ocrx_word' id='word_1_318' title='bbox 331 3929 386 3986; x_wconf 91' lang='lat' dir='ltr'>hoc</span> <span class='ocrx_word' id='word_1_319' title='bbox 410 3929 477 3986; x_wconf 90' lang='lat' dir='ltr'>loco</span> <span class='ocrx_word' id='word_1_320' title='bbox 504 3927 761 3987; x_wconf 87' lang='lat' dir='ltr'>administratores</span> <span class='ocrx_word' id='word_1_321' title='bbox 789 3936 868 3986; x_wconf 89' lang='lat' dir='ltr'>recte</span> <span class='ocrx_word' id='word_1_322' title='bbox 894 3929 1026 4004; x_wconf 84' lang='lat' dir='ltr'>intellegi</span> <span class='ocrx_word' id='word_1_323' title='bbox 1053 3947 1104 3987; x_wconf 92' lang='lat' dir='ltr'>eos</span> <span class='ocrx_word' id='word_1_324' title='bbox 1132 3929 1321 4002; x_wconf 87' lang='lat' dir='ltr'>praesertim,</span> <span class='ocrx_word' id='word_1_325' title='bbox 1350 3927 1401 4003; x_wconf 92' lang='lat' dir='ltr'>qui</span> 
     </span>
     <span class='ocr_line' id='line_1_34' title="bbox 54 4029 1400 4106; baseline -0.004 -13"><span class='ocrx_word' id='word_1_326' title='bbox 54 4034 120 4093; x_wconf 88' lang='lat' dir='ltr'>sub</span> <span class='ocrx_word' id='word_1_327' title='bbox 143 4033 212 4106; x_wconf 86' lang='lat' dir='ltr'>ipso</span> <span class='ocrx_word' id='word_1_328' title='bbox 235 4031 452 4090; x_wconf 89' lang='lat' dir='ltr'>administrant.</span> <span class='ocrx_word' id='word_1_329' title='bbox 490 4030 538 4088; x_wconf 90' lang='lat' dir='ltr'>Ita</span> <span class='ocrx_word' id='word_1_330' title='bbox 557 4031 691 4088; x_wconf 88' lang='lat' dir='ltr'>ducimur</span> <span class='ocrx_word' id='word_1_331' title='bbox 706 4029 743 4086; x_wconf 89' lang='lat' dir='ltr'>ad</span> <span class='ocrx_word' id='word_1_332' title='bbox 760 4031 953 4106; x_wconf 85' lang='lat' dir='ltr'>magistratus</span> <span class='ocrx_word' id='word_1_333' title='bbox 969 4029 1174 4106; x_wconf 87' lang='lat' dir='ltr'>municipales,</span> <span class='ocrx_word' id='word_1_334' title='bbox 1198 4029 1308 4106; x_wconf 91' lang='lat' dir='ltr'>quippe</span> <span class='ocrx_word' id='word_1_335' title='bbox 1324 4046 1400 4106; x_wconf 88' lang='lat' dir='ltr'>quos</span> 
     </span>
     <span class='ocr_line' id='line_1_35' title="bbox 53 4130 1400 4211; baseline -0.006 -15"><span class='ocrx_word' id='word_1_336' title='bbox 53 4141 184 4196; x_wconf 88' lang='lat' dir='ltr'>constet</span> <span class='ocrx_word' id='word_1_337' title='bbox 203 4143 233 4192; x_wconf 88' lang='lat' dir='ltr'>et</span> <span class='ocrx_word' id='word_1_338' title='bbox 254 4134 338 4211; x_wconf 87' lang='lat' dir='ltr'>ipsos</span> <span class='ocrx_word' id='word_1_339' title='bbox 361 4132 617 4192; x_wconf 88' lang='lat' dir='ltr'>administravisee</span> <span class='ocrx_word' id='word_1_340' title='bbox 639 4140 669 4191; x_wconf 91' lang='lat' dir='ltr'>et</span> <span class='ocrx_word' id='word_1_341' title='bbox 690 4150 761 4192; x_wconf 88' lang='lat' dir='ltr'>suos</span> <span class='ocrx_word' id='word_1_342' title='bbox 784 4131 926 4190; x_wconf 82' lang='lat' dir='ltr'>habuisse</span> <span class='ocrx_word' id='word_1_343' title='bbox 949 4131 1102 4191; x_wconf 85' lang='lat' dir='ltr'>officiales.</span> <span class='ocrx_word' id='word_1_344' title='bbox 1140 4131 1241 4189; x_wconf 87' lang='lat' dir='ltr'>Etiam</span> <span class='ocrx_word' id='word_1_345' title='bbox 1262 4130 1294 4189; x_wconf 91' lang='lat' dir='ltr'>in</span> <span class='ocrx_word' id='word_1_346' title='bbox 1313 4131 1400 4190; x_wconf 88' lang='lat' dir='ltr'>titulo</span> 
     </span>
     <span class='ocr_line' id='line_1_36' title="bbox 52 4230 1400 4311; baseline -0.005 -13"><span class='ocrx_word' id='word_1_347' title='bbox 52 4237 181 4300; x_wconf 85' lang='lat' dir='ltr'>codicis</span> <span class='ocrx_word' id='word_1_348' title='bbox 203 4235 409 4295; x_wconf 83' lang='lat' dir='ltr'>Theodosiani</span> <span class='ocrx_word' id='word_1_349' title='bbox 429 4230 479 4292; x_wconf 89' lang='lat' dir='ltr'>‘de</span> <span class='ocrx_word' id='word_1_350' title='bbox 499 4236 535 4292; x_wconf 88' lang='lat' dir='ltr'>iis</span> <span class='ocrx_word' id='word_1_351' title='bbox 558 4254 633 4311; x_wconf 88' lang='lat' dir='ltr'>quae</span> <span class='ocrx_word' id='word_1_352' title='bbox 656 4234 931 4294; x_wconf 86' lang='lat' dir='ltr'>administrantibus</span> <span class='ocrx_word' id='word_1_353' title='bbox 954 4233 1001 4291; x_wconf 89' lang='lat' dir='ltr'>vel</span> <span class='ocrx_word' id='word_1_354' title='bbox 1024 4233 1153 4292; x_wconf 87' lang='lat' dir='ltr'>officium</span> <span class='ocrx_word' id='word_1_355' title='bbox 1177 4232 1329 4308; x_wconf 92' lang='lat' dir='ltr'>publicum</span> <span class='ocrx_word' id='word_1_356' title='bbox 1351 4250 1400 4308; x_wconf 87' lang='lat' dir='ltr'>ge·</span> 
     </span>
     <span class='ocr_line' id='line_1_37' title="bbox 50 4331 1401 4412; baseline -0.006 -11"><span class='ocrx_word' id='word_1_357' title='bbox 50 4339 202 4401; x_wconf 89' lang='lat' dir='ltr'>rentibus</span> <span class='ocrx_word' id='word_1_358' title='bbox 224 4338 367 4396; x_wconf 89' lang='lat' dir='ltr'>distracta</span> <span class='ocrx_word' id='word_1_359' title='bbox 387 4336 435 4394; x_wconf 89' lang='lat' dir='ltr'>vel</span> <span class='ocrx_word' id='word_1_360' title='bbox 458 4335 567 4395; x_wconf 86' lang='lat' dir='ltr'>donata</span> <span class='ocrx_word' id='word_1_361' title='bbox 589 4331 669 4395; x_wconf 90' lang='lat' dir='ltr'>sunt&#39;</span> <span class='ocrx_word' id='word_1_362' title='bbox 695 4355 770 4412; x_wconf 90' lang='lat' dir='ltr'>quae</span> <span class='ocrx_word' id='word_1_363' title='bbox 794 4336 982 4407; x_wconf 87' lang='lat' dir='ltr'>sanciuntur,</span> <span class='ocrx_word' id='word_1_364' title='bbox 1009 4335 1056 4393; x_wconf 84' lang='lat' dir='ltr'>vel</span> <span class='ocrx_word' id='word_1_365' title='bbox 1079 4336 1116 4393; x_wconf 91' lang='lat' dir='ltr'>ad</span> <span class='ocrx_word' id='word_1_366' title='bbox 1143 4354 1288 4412; x_wconf 88' lang='lat' dir='ltr'>pagorum</span> <span class='ocrx_word' id='word_1_367' title='bbox 1314 4354 1401 4411; x_wconf 89' lang='lat' dir='ltr'>prae·</span> 
     </span>
     <span class='ocr_line' id='line_1_38' title="bbox 50 4435 1400 4524; baseline -0.005 -21"><span class='ocrx_word' id='word_1_368' title='bbox 50 4441 185 4524; x_wconf 88' lang='lat' dir='ltr'>positos</span> <span class='ocrx_word' id='word_1_369' title='bbox 207 4441 366 4498; x_wconf 89' lang='lat' dir='ltr'>trahuntur</span> <span class='ocrx_word' id='word_1_370' title='bbox 389 4435 437 4513; x_wconf 78' lang='lat'>(0.</span> <span class='ocrx_word' id='word_1_371' title='bbox 454 4436 510 4495; x_wconf 88' lang='lat' dir='ltr'>Th.</span> <span class='ocrx_word' id='word_1_372' title='bbox 529 4439 557 4511; x_wconf 90' lang='lat'>8,</span> <span class='ocrx_word' id='word_1_373' title='bbox 576 4439 624 4510; x_wconf 85' lang='lat'>15,</span> <span class='ocrx_word' id='word_1_374' title='bbox 642 4437 683 4512; x_wconf 94' lang='grc'>1),</span> <span class='ocrx_word' id='word_1_375' title='bbox 706 4447 736 4496; x_wconf 93' lang='lat' dir='ltr'>et</span> <span class='ocrx_word' id='word_1_376' title='bbox 756 4437 845 4497; x_wconf 92' lang='lat' dir='ltr'>modo</span> <span class='ocrx_word' id='word_1_377' title='bbox 868 4439 995 4497; x_wconf 87' lang='lat' dir='ltr'>vidimus</span> <span class='ocrx_word' id='word_1_378' title='bbox 1018 4457 1057 4496; x_wconf 85' lang='lat' dir='ltr'>ex</span> <span class='ocrx_word' id='word_1_379' title='bbox 1079 4437 1238 4496; x_wconf 89' lang='lat' dir='ltr'>comitibus</span> <span class='ocrx_word' id='word_1_380' title='bbox 1257 4437 1400 4496; x_wconf 91' lang='lat' dir='ltr'>bonorem</span> 
     </span>
     <span class='ocr_line' id='line_1_39' title="bbox 50 4540 1400 4620; baseline -0.007 -12"><span class='ocrx_word' id='word_1_381' title='bbox 50 4542 218 4608; x_wconf 85' lang='lat' dir='ltr'>sacerdoti</span> <span class='ocrx_word' id='word_1_382' title='bbox 238 4541 408 4620; x_wconf 86' lang='lat' dir='ltr'>provinciae</span> <span class='ocrx_word' id='word_1_383' title='bbox 431 4548 461 4598; x_wconf 90' lang='lat' dir='ltr'>et</span> <span class='ocrx_word' id='word_1_384' title='bbox 482 4540 641 4615; x_wconf 87' lang='lat' dir='ltr'>principali</span> <span class='ocrx_word' id='word_1_385' title='bbox 663 4541 763 4598; x_wconf 90' lang='lat' dir='ltr'>curiae</span> <span class='ocrx_word' id='word_1_386' title='bbox 785 4541 875 4600; x_wconf 92' lang='lat' dir='ltr'>tribui</span> <span class='ocrx_word' id='word_1_387' title='bbox 899 4541 996 4599; x_wconf 89' lang='lat' dir='ltr'>solere</span> <span class='ocrx_word' id='word_1_388' title='bbox 1017 4549 1139 4617; x_wconf 87' lang='lat' dir='ltr'>propter</span> <span class='ocrx_word' id='word_1_389' title='bbox 1160 4559 1222 4598; x_wconf 90' lang='lat' dir='ltr'>rem</span> <span class='ocrx_word' id='word_1_390' title='bbox 1251 4540 1400 4617; x_wconf 89' lang='lat' dir='ltr'>publicam</span> 
     </span>
     <span class='ocr_line' id='line_1_40' title="bbox 48 4641 1402 4717; baseline -0.004 -8"><span class='ocrx_word' id='word_1_391' title='bbox 48 4655 145 4709; x_wconf 89' lang='lat' dir='ltr'>recte</span> <span class='ocrx_word' id='word_1_392' title='bbox 169 4644 417 4703; x_wconf 89' lang='lat' dir='ltr'>administratam.</span> <span class='ocrx_word' id='word_1_393' title='bbox 454 4641 635 4717; x_wconf 90' lang='lat' dir='ltr'>Principalis</span> <span class='ocrx_word' id='word_1_394' title='bbox 658 4649 756 4701; x_wconf 87' lang='lat' dir='ltr'>autem</span> <span class='ocrx_word' id='word_1_395' title='bbox 779 4643 879 4701; x_wconf 89' lang='lat' dir='ltr'>curiae</span> <span class='ocrx_word' id='word_1_396' title='bbox 902 4643 927 4700; x_wconf 92' lang='lat' dir='ltr'>si</span> <span class='ocrx_word' id='word_1_397' title='bbox 951 4643 1208 4701; x_wconf 89' lang='lat' dir='ltr'>administratione</span> <span class='ocrx_word' id='word_1_398' title='bbox 1226 4655 1302 4700; x_wconf 88' lang='lat' dir='ltr'>recte</span> <span class='ocrx_word' id='word_1_399' title='bbox 1318 4645 1402 4703; x_wconf 86' lang='lat' dir='ltr'>finita</span> 
     </span>
     <span class='ocr_line' id='line_1_41' title="bbox 49 4745 1401 4831; baseline -0.005 -22"><span class='ocrx_word' id='word_1_400' title='bbox 49 4751 164 4831; x_wconf 87' lang='lat' dir='ltr'>primo</span> <span class='ocrx_word' id='word_1_401' title='bbox 190 4747 283 4823; x_wconf 86' lang='lat' dir='ltr'>gradu</span> <span class='ocrx_word' id='word_1_402' title='bbox 310 4757 434 4804; x_wconf 89' lang='lat' dir='ltr'>vocatur</span> <span class='ocrx_word' id='word_1_403' title='bbox 458 4753 581 4820; x_wconf 88' lang='lat' dir='ltr'>propter</span> <span class='ocrx_word' id='word_1_404' title='bbox 610 4745 793 4816; x_wconf 89' lang='lat' dir='ltr'>comitivam,</span> <span class='ocrx_word' id='word_1_405' title='bbox 827 4745 985 4804; x_wconf 90' lang='lat' dir='ltr'>admodum</span> <span class='ocrx_word' id='word_1_406' title='bbox 1011 4745 1166 4820; x_wconf 90' lang='lat' dir='ltr'>probabile</span> <span class='ocrx_word' id='word_1_407' title='bbox 1193 4753 1239 4802; x_wconf 87' lang='lat' dir='ltr'>ast</span> <span class='ocrx_word' id='word_1_408' title='bbox 1264 4745 1295 4802; x_wconf 91' lang='lat' dir='ltr'>id</span> <span class='ocrx_word' id='word_1_409' title='bbox 1322 4745 1401 4820; x_wconf 91' lang='lat' dir='ltr'>quod</span> 
     </span>
     <span class='ocr_line' id='line_1_42' title="bbox 48 4845 1402 4928; baseline -0.006 -16"><span class='ocrx_word' id='word_1_410' title='bbox 48 4851 204 4928; x_wconf 83' lang='lat' dir='ltr'>sequitur</span> <span class='ocrx_word' id='word_1_411' title='bbox 225 4849 373 4925; x_wconf 91' lang='lat' dir='ltr'>pertinere</span> <span class='ocrx_word' id='word_1_412' title='bbox 400 4847 438 4906; x_wconf 87' lang='lat' dir='ltr'>ad</span> <span class='ocrx_word' id='word_1_413' title='bbox 464 4846 587 4905; x_wconf 87' lang='lat' dir='ltr'>eundem</span> <span class='ocrx_word' id='word_1_414' title='bbox 614 4846 766 4904; x_wconf 86' lang='lat' dir='ltr'>etiamtum</span> <span class='ocrx_word' id='word_1_415' title='bbox 793 4847 1065 4918; x_wconf 67' lang='lat' dir='ltr'>administrantem</span> <span class='ocrx_word' id='word_1_416' title='bbox 1098 4865 1154 4905; x_wconf 90' lang='lat' dir='ltr'>nec</span> <span class='ocrx_word' id='word_1_417' title='bbox 1178 4845 1267 4904; x_wconf 79' lang='lat' dir='ltr'>facile</span> <span class='ocrx_word' id='word_1_418' title='bbox 1294 4846 1402 4904; x_wconf 89' lang='lat' dir='ltr'>abesse</span> 
     </span>
     <span class='ocr_line' id='line_1_43' title="bbox 46 4947 1402 5036; baseline -0.007 -20"><span class='ocrx_word' id='word_1_419' title='bbox 46 4959 198 5036; x_wconf 87' lang='lat' dir='ltr'>possunt</span> <span class='ocrx_word' id='word_1_420' title='bbox 218 4952 255 5010; x_wconf 91' lang='lat' dir='ltr'>ab</span> <span class='ocrx_word' id='word_1_421' title='bbox 277 4949 421 5010; x_wconf 91' lang='lat' dir='ltr'>eiusmodi</span> <span class='ocrx_word' id='word_1_422' title='bbox 442 4948 544 5008; x_wconf 90' lang='lat' dir='ltr'>ordine</span> <span class='ocrx_word' id='word_1_423' title='bbox 567 4949 716 5008; x_wconf 90' lang='lat' dir='ltr'>salutandi</span> <span class='ocrx_word' id='word_1_424' title='bbox 739 4950 901 5007; x_wconf 91' lang='lat' dir='ltr'>civitatium</span> <span class='ocrx_word' id='word_1_425' title='bbox 923 4947 1151 5007; x_wconf 88' lang='lat' dir='ltr'>Numidicarum</span> <span class='ocrx_word' id='word_1_426' title='bbox 1176 4948 1223 5007; x_wconf 81' lang='lat' dir='ltr'>rel</span> <span class='ocrx_word' id='word_1_427' title='bbox 1245 4953 1402 5008; x_wconf 84' lang='lat' dir='ltr'>universae</span> 
     </span>
     <span class='ocr_line' id='line_1_44' title="bbox 46 5051 1401 5139; baseline -0.005 -23"><span class='ocrx_word' id='word_1_428' title='bbox 46 5053 239 5139; x_wconf 85' lang='lat' dir='ltr'>provinciae</span> <span class='ocrx_word' id='word_1_429' title='bbox 260 5053 312 5130; x_wconf 92' lang='lat' dir='ltr'>qui</span> <span class='ocrx_word' id='word_1_430' title='bbox 331 5071 380 5113; x_wconf 89' lang='lat' dir='ltr'>res</span> <span class='ocrx_word' id='word_1_431' title='bbox 399 5061 506 5130; x_wconf 89' lang='lat' dir='ltr'>gerunt</span> <span class='ocrx_word' id='word_1_432' title='bbox 524 5053 580 5112; x_wconf 87' lang='lat' dir='ltr'>sub</span> <span class='ocrx_word' id='word_1_433' title='bbox 602 5051 761 5110; x_wconf 88' lang='lat' dir='ltr'>consulari.</span> <span class='ocrx_word' id='word_1_434' title='bbox 798 5051 823 5108; x_wconf 93' lang='lat' dir='ltr'>li</span> <span class='ocrx_word' id='word_1_435' title='bbox 844 5053 966 5128; x_wconf 88' lang='lat' dir='ltr'>quinam</span> <span class='ocrx_word' id='word_1_436' title='bbox 987 5070 1022 5109; x_wconf 93' lang='lat' dir='ltr'>eo</span> <span class='ocrx_word' id='word_1_437' title='bbox 1045 5058 1178 5128; x_wconf 87' lang='lat' dir='ltr'>tempore</span> <span class='ocrx_word' id='word_1_438' title='bbox 1201 5051 1322 5123; x_wconf 83' lang='lat' dir='ltr'>fuerint,</span> <span class='ocrx_word' id='word_1_439' title='bbox 1344 5052 1401 5110; x_wconf 92' lang='lat' dir='ltr'>hoc</span> 
     </span>
    </p>
   </div>
   <div class='ocr_carea' id='block_1_3' title="bbox 48 5189 274 5205">
    <p class='ocr_par' dir='ltr' id='par_1_5' title="bbox 48 5189 274 5205">
     <span class='ocr_line' id='line_1_45' title="bbox 48 5189 274 5205; baseline 0 0"><span class='ocrx_word' id='word_1_440' title='bbox 48 5189 274 5205; x_wconf 80' lang='lat'>--—-·-·····-·-·</span> 
     </span>
    </p>
   </div>
   <div class='ocr_carea' id='block_1_4' title="bbox 119 5269 1239 5432">
    <p class='ocr_par' dir='ltr' id='par_1_6' title="bbox 119 5269 1239 5432">
     <span class='ocr_line' id='line_1_46' title="bbox 119 5269 1239 5336; baseline -0.004 -14"><span class='ocrx_word' id='word_1_441' title='bbox 119 5273 145 5336; x_wconf 92' lang='lat'>¹)</span> <span class='ocrx_word' id='word_1_442' title='bbox 170 5271 200 5322; x_wconf 87' lang='lat' dir='ltr'>C.</span> <span class='ocrx_word' id='word_1_443' title='bbox 215 5271 264 5320; x_wconf 82' lang='lat' dir='ltr'>Tb.</span> <span class='ocrx_word' id='word_1_444' title='bbox 281 5271 323 5332; x_wconf 83' lang='lat'>12,</span> <span class='ocrx_word' id='word_1_445' title='bbox 340 5275 362 5333; x_wconf 91' lang='lat'>1,</span> <span class='ocrx_word' id='word_1_446' title='bbox 380 5271 429 5321; x_wconf 81' lang='grc'>127</span> <span class='ocrx_word' id='word_1_447' title='bbox 450 5271 511 5320; x_wconf 90' lang='lat' dir='ltr'>anni</span> <span class='ocrx_word' id='word_1_448' title='bbox 531 5271 592 5322; x_wconf 82' lang='lat'>392.</span> <span class='ocrx_word' id='word_1_449' title='bbox 630 5271 733 5322; x_wconf 87' lang='lat' dir='ltr'>Similia</span> <span class='ocrx_word' id='word_1_450' title='bbox 751 5271 923 5334; x_wconf 87' lang='lat' dir='ltr'>disponuntur</span> <span class='ocrx_word' id='word_1_451' title='bbox 942 5269 972 5320; x_wconf 83' lang='lat' dir='ltr'>C.</span> <span class='ocrx_word' id='word_1_452' title='bbox 987 5269 1037 5320; x_wconf 85' lang='lat' dir='ltr'>Th.</span> <span class='ocrx_word' id='word_1_453' title='bbox 1055 5269 1097 5330; x_wconf 81' lang='lat'>14,</span> <span class='ocrx_word' id='word_1_454' title='bbox 1111 5271 1138 5330; x_wconf 86' lang='lat'>4,</span> <span class='ocrx_word' id='word_1_455' title='bbox 1154 5272 1179 5320; x_wconf 89' lang='grc'>9.</span> <span class='ocrx_word' id='word_1_456' title='bbox 1198 5271 1239 5318; x_wconf 90' lang='lat'>10.</span> 
     </span>
     <span class='ocr_line' id='line_1_47' title="bbox 1139 5375 1196 5432; baseline 0.018 -1"><span class='ocrx_word' id='word_1_457' title='bbox 1139 5375 1196 5432; x_wconf 74' lang='lat'>41⁰</span> 
     </span>
    </p>
   </div>
   <div class='ocr_carea' id='block_1_5' title="bbox 0 0 1718 5834">
    <p class='ocr_par' dir='ltr' id='par_1_7' title="bbox 0 0 1718 5834">
     <span class='ocr_line' id='line_1_48' title="bbox 0 0 1718 5834; baseline 0 2"><span class='ocrx_word' id='word_1_458' title='bbox 0 0 1718 5834; x_wconf 95' lang='lat' dir='ltr'> </span> 
     </span>
    </p>
   </div>
  </div>
 </body>
</html>
