3518 5828
342 456 414 528 120
916 467 1098 522 uonnsnu

341 649 409 727 quis
430 649 462 708 in
483 647 556 706 urbe
578 645 747 716 collocavit,
769 643 821 702 sed
842 643 873 702 in
890 640 993 703 Gallia
1014 650 1044 700 et
1058 641 1170 714 Africa,
1192 641 1236 700 ita
1256 641 1393 714 fortasse,
1416 649 1451 698 ut
1473 641 1602 718 primam
1617 641 1680 704 Lu-

340 751 493 830 gudunum
514 748 654 818 mitteret,
676 745 794 806 tertiam
816 744 960 803 decimam
976 741 1203 820 Carthaginem
1225 751 1304 802 certe
1327 759 1362 802 co
1385 742 1497 802 ducunt
1518 745 1599 803 tituli
1617 745 1677 806 duo

342 852 453 913 saeculi
478 851 566 927 primi
593 848 731 910 exeuntis
760 845 948 907 Cenat-ensis
975 863 1067 924 supra
1093 865 1122 903 n.
1144 847 1161 904 3
1189 845 1321 904 cohortis
1347 843 1462 920 primae
1493 855 1524 904 et
1549 845 1678 908 Cartha·

341 954 484 1032 giniensis
506 951 637 1011 cohortis
659 949 765 1008 tertiae
788 947 928 1007 decimae.
967 947 1032 1007 Eae
1054 948 1161 1007 deinde
1184 945 1285 1006 sedem
1307 947 1349 1005 ita
1370 945 1509 1006 videntur
1531 956 1677 1022 mutasse,

341 1065 375 1114 ut
401 1054 532 1114 secundo
561 1053 708 1128 tertioque
736 1049 856 1110 saeculo
884 1050 981 1128 prima
1009 1049 1040 1107 in
1063 1049 1168 1107 Africa
1194 1047 1417 1126 praetenderet,
1446 1049 1678 1110 tertiadecima

341 1156 516 1234 Luguduni3
544 1153 574 1212 id
596 1155 675 1213 enim
702 1153 838 1230 flagitant
865 1152 1021 1227 utriusque
1048 1151 1220 1228 provinciae
1246 1150 1326 1209 tituli
1353 1151 1461 1210 aetatis
1486 1153 1676 1230 posterioris.

343 1292 381 1302 -
404 1257 568 1334 Prospexit
589 1265 688 1313 autem
704 1252 913 1330 Vespasianus
936 1254 993 1312 hac
1015 1252 1139 1311 militiae
1154 1251 1316 1312 Africanae
1337 1251 1525 1313 ordinatione
1545 1255 1677 1314 fortasse

343 1377 402 1420 non
424 1367 485 1417 mm
508 1359 574 1417 urbi
596 1373 722 1432 magnae
744 1355 866 1414 Africae
888 1355 978 1432 capiti
999 1354 1100 1432 ibique
1123 1353 1242 1431 degenti
1268 1354 1441 1430 proconsuli
1469 1374 1559 1432 quam
1587 1358 1676 1415 vecti·

343 1461 461 1539 galibus
490 1458 643 1518 Africanis
676 1457 979 1532 procuratoribusqne
1013 1456 1086 1515 suis.
1141 1453 1261 1516 Scilicet
1292 1456 1464 1530 proconsuli
1496 1466 1600 1516 notnm
1633 1468 1678 1517 est

342 1569 449 1640 postea
470 1579 588 1638 quoquc
614 1569 729 1637 partem
756 1558 888 1634 aliquam
916 1557 1044 1634 legionis
1067 1557 1227 1616 Africanae
1254 1564 1374 1634 praesto
1401 1557 1496 1617 fuisse
1506 1557 1552 1633 ¹),
1581 1577 1677 1636 neque

344 1662 505 1724 verisimile
532 1661 689 1739 imperium
718 1660 782 1718 eius
811 1659 841 1718 in
869 1659 979 1719 milites
1009 1677 1046 1718 ea
1077 1665 1174 1717 aetate
1207 1664 1327 1716 auctum
1359 1675 1436 1716 esse.
1495 1657 1557 1719 Sed
1588 1661 1679 1719 etiam

345 1764 506 1843 vectigalia
528 1763 674 1822 Africana
694 1780 754 1820 non
777 1761 841 1820 sine
863 1761 990 1820 militum
1011 1759 1161 1818 adiutorio
1184 1759 1393 1818 administrata
1418 1777 1486 1820 esse
1514 1769 1544 1820 et
1570 1773 1679 1837 sponte

344 1865 527 1942 intellegitur
552 1873 582 1923 et
607 1863 820 1923 confirmarunt
845 1862 904 1920 duo
931 1869 1124 1920 monumenta
1150 1881 1243 1938 nuper
1269 1869 1402 1936 reperta,
1435 1861 1540 1922 titulus
1567 1865 1606 1922 ad
1631 1862 1677 1924 Si·

346 1967 454 2026 mitthu
479 1965 610 2026 effossas
641 1964 748 2023 aetatis
777 1963 958 2022 Tiberianae
986 1963 1091 2022 militis
1118 1963 1248 2040 legionis
1273 1963 1449 2036 Africanae,
1476 1964 1528 2039 qui
1552 1984 1620 2022 cum
1648 1969 1678 2023 in

342 2069 492 2144 pracsidio
519 2077 590 2126 cecat
614 2069 645 2124 ia
671 2068 748 2124 salta
772 2067 1000 2135 Philomaainao,
1033 2065 1069 2122 ab
1098 2065 1175 2122 hosta
1201 2069 1232 2122 ia
1252 2083 1356 2141 papeia
1381 2067 1490 2124 occisus
1522 2065 1615 2141 eet2),
1649 2077 1679 2124 et

346 2169 476 2246 epistula
497 2186 589 2245 supra
610 2168 700 2226 citata
723 2168 895 2227 colonorum
910 2166 1163 2226 Burunitauorum
1182 2167 1262 2242 apud
1277 2164 1474 2226 Commodum
1489 2169 1679 2242 querentium

347 2271 383 2330 de
405 2281 613 2348 procuratore,
645 2269 725 2346 quod
747 2287 799 2328 eos
827 2277 967 2327 vexasset
991 2272 1086 2326 missia
1112 2267 1248 2326 militibus
1275 2271 1305 2324 ia
1331 2267 1434 2326 saltam
1454 2268 1679 2328 Bnmaitaaum.

348 2371 407 2446 Qui
429 2371 539 2430 milites
561 2371 682 2447 quinam
704 2379 814 2443 essent,
837 2370 934 2428 adhuc
955 2371 1182 2448 ignorabamns;
1205 2388 1273 2428 nam
1295 2369 1478 2446 legionarios
1501 2371 1567 2430 sine
1587 2371 1678 2432 dubio

347 2493 471 2532 numero
494 2490 606 2548 paucos
629 2473 667 2530 ad
688 2471 818 2532 officium
840 2471 1030 2549 proconsulis
1052 2473 1161 2530 missos
1183 2474 1227 2530 eis
1250 2469 1376 2547 negotiis
1399 2470 1554 2532 suffecisse
1569 2474 1679 2549 proba·

348 2576 494 2634 bilitatem
516 2575 628 2633 nullam
651 2575 788 2633 habebat
836 2573 902 2632 Iam
923 2592 995 2632 vero
1017 2581 1177 2648 postquam
1203 2572 1378 2632 rescivimus
1405 2573 1556 2632 cohortem
1583 2574 1680 2634 milia·

348 2678 422 2734 riam
446 2674 628 2754 Carthagine
650 2676 750 2735 sedem
773 2675 927 2747 habuisse,
953 2674 1122 2750 quaestioni
1144 2674 1187 2732 illi
1210 2674 1352 2732 habemus
1375 2675 1602 2752 responsionem
1625 2695 1680 2753 pa·

349 2787 460 2850 ratam,
493 2795 587 2854 eoque
619 2778 714 2854 magis
747 2785 898 2854 paratam,
931 2777 1012 2852 quod
1043 2776 1157 2834 reditus
1190 2775 1322 2832 Africani
1359 2775 1524 2853 imperante
1556 2777 1682 2837 Nerone

349 2897 530 2957 magnopere
556 2887 712 2938 creverant
737 2885 766 2938 et
792 2878 982 2954 vectigalium
1010 2895 1111 2936 curam
1140 2876 1240 2936 nullus
1267 2878 1478 2954 imperatorum
1505 2879 1681 2956 diligentius

349 2982 410 3057 egit
431 2999 520 3058 quam
542 2979 759 3057 Vespasianus.
807 2980 969 3038 Praeterea
990 2997 1055 3037 cum
1078 2999 1117 3036 ex
1143 2979 1237 3038 titulis
1263 2979 1387 3037 militum
1416 2979 1680 3040 urbanicianorum

348 3083 381 3140 in
402 3083 508 3140 Africa
534 3082 661 3157 repertis
688 3081 738 3140 alii
761 3079 942 3157 Carthagine
969 3079 1147 3155 prodierint,
1174 3079 1225 3139 alii
1252 3081 1344 3139 Musti
1372 3091 1402 3139 et
1424 3078 1526 3141 Siccae
1551 3083 1583 3140 iu
1610 3101 1679 3158 pro-

349 3184 449 3242 vincia
469 3183 677 3258 proconsulari
699 3193 728 3242 et
750 3181 842 3244 Satafi
864 3183 895 3240 in
916 3181 1120 3252 Mauretania,
1153 3181 1244 3240 hosce
1270 3181 1380 3240 milites
1407 3182 1438 3241 in
1466 3191 1607 3260 promptu
1636 3191 1683 3243 est

349 3285 460 3342 missos
482 3301 550 3344 esse
572 3302 607 3342 eo
626 3285 664 3342 ad
680 3284 845 3344 custodiam
860 3282 987 3342 saltuum
1004 3281 1154 3342 Caesaris.
1191 3283 1330 3360 Denique
1346 3284 1426 3358 qnod
1442 3302 1535 3361 supra
1550 3285 1682 3344 vidimus

349 3387 380 3443 in
402 3394 591 3444 monumento
608 3385 847 3465 Carthaginiensi
868 3385 966 3444 nullos
988 3385 1123 3442 homines
1145 3384 1196 3460 qui
1219 3384 1337 3461 quidem
1358 3385 1458 3444 officia
1480 3387 1612 3445 habeant
1635 3405 1681 3446 ae·

349 3487 449 3561 pultos
465 3505 531 3544 esse
546 3487 605 3545 nisi
621 3487 722 3563 aliqua
736 3488 850 3548 ratione
865 3488 920 3545 sub
935 3495 1126 3564 procuratore
1139 3485 1326 3558 constitutos,
1338 3487 1397 3545 iam
1413 3497 1538 3564 apparet
1552 3489 1683 3548 fortasse

350 3587 439 3646 etiam
462 3587 500 3645 ad
522 3587 717 3663 legionarium
739 3590 872 3658 militem,
895 3597 974 3647 certe
995 3587 1033 3646 ad
1055 3587 1178 3646 militem
1200 3589 1331 3647 cohortis
1346 3589 1361 3646 I
1378 3588 1508 3647 urbanae
1522 3591 1682 3666 pervenire

350 3690 427 3747 inter
446 3688 578 3765 reliquos
600 3690 708 3752 ibidem
730 3692 889 3768 sepultum.

410 3951 433 4012 ¹)
452 3951 599 4002 Hadrianus
611 3952 637 4002 in
651 3951 815 4002 adlocutione
828 3952 862 4001 ad
874 3953 1003 4017 legionem
1016 3952 1167 4002 Africanam
1188 3951 1228 4013 (C.
1243 3952 1318 4013 vm,
1335 3951 1417 4014 2532)
1435 3952 1502 4002 inter
1515 3951 1684 4004 difficultates

350 4043 459 4092 militiae
477 4043 527 4093 hoc
547 4057 648 4108 quoque
666 4044 752 4108 pouit,
772 4043 840 4110 quad
857 4041 968 4094 erunibus
987 4044 1062 4094 anah
1078 4059 1125 4110 per
1143 4045 1211 4094 vices
1229 4044 1256 4094 iu
1275 4044 1382 4110 officiam
1400 4041 1588 4110 pr[ocon]anlia
1606 4047 1684 4095 mitti

351 4141 399 4183 lar.
439 4133 479 4184 Cf.
500 4131 691 4184 Sfaatsrechtl
711 4152 737 4200 p.
751 4135 813 4186 252.

409 4222 434 4286 ²)
453 4225 520 4275 Ilum
543 4226 669 4276 edidimus
695 4227 804 4278 Carolus
828 4227 916 4278 'l'issot
941 4227 1009 4291 apud
1032 4227 1182 4277 Florianum
1203 4227 1333 4278 Valleutiu
1362 4225 1474 4278 Ballatha
1498 4224 1684 4295 e'pa'prophiqae

351 4315 382 4366 de
401 4317 428 4366 lo
449 4314 530 4366 Gaude
547 4319 627 4367 roll
647 4319 740 4380 (last)
764 4335 789 4383 p.
804 4321 838 4370 99
859 4327 885 4368 et
903 4325 1035 4383 acceptum
1059 4319 1091 4368 ab
1111 4317 1201 4368 eodem
1222 4319 1334 4369 Tlsaotlo
1354 4333 1401 4383 ago
1421 4319 1448 4368 in
1467 4319 1517 4369 hac
1535 4319 1683 4385 Ephcm4

351 4424 376 4472 p.
389 4408 440 4458 5³⁷
461 4409 562 4460 adiecta
580 4410 799 4475 interpretatione.
