3518 5828
339 508 412 580 148
724 533 727 536 ·
921 527 1102 582 uomusnn

340 699 438 759 ruisse
467 716 499 758 se
525 699 556 758 in
585 700 692 759 castris
722 700 933 777 praetoriis¹).
989 699 1114 778 Signum
1146 712 1244 761 autem
1277 711 1469 762 evocatorum
1496 711 1526 762 et
1558 703 1620 761 dux
1645 712 1676 770 et

339 800 460 878 proprie
481 801 665 879 principales
687 819 837 879 nusquam
859 809 1041 880 comparent,
1063 804 1120 862 nisi
1143 803 1222 880 quod
1245 822 1321 863 unus
1342 804 1493 864 invenitur
1514 807 1589 880 optio
1612 823 1674 862 euo-

340 903 511 980 c(utorum)‚
538 903 741 980 eolur(ioram)
770 904 913 980 curat(or)
934 905 971 963 ud
993 902 1202 982 indictb(ua)²)
1231 906 1294 964 sive
1327 905 1419 981 (idem
1442 905 1521 964 enim
1543 905 1674 964 officium

339 1005 457 1064 videtur
482 1004 659 1082 significari)
686 1015 816 1066 evocatus
832 1006 957 1082 Augusti
970 1005 1212 1082 at‘rnutcitw),
1234 1024 1330 1082 neque
1346 1016 1444 1066 tamen
1466 1007 1493 1065 is
1510 1007 1588 1066 inter
1602 1025 1673 1065 evo·

339 1115 422 1166 cetos
444 1125 592 1166 summurn
613 1107 714 1165 locum
736 1107 873 1180 obtinuit,
896 1127 961 1166 cum
985 1116 1054 1185 post
1076 1109 1262 1185 optionatum
1285 1107 1322 1166 ad
1345 1108 1426 1166 aliud
1448 1109 1579 1167 osticium
1600 1109 1672 1166 item

337 1209 539 1268 evocatorium
565 1216 720 1286 promotus
745 1227 815 1268 esse
841 1210 1023 1283 inveniatur,
1052 1219 1081 1269 et
1107 1211 1152 1269 sic
1178 1219 1259 1269 recte
1281 1210 1448 1286 comparari
1474 1211 1585 1286 poterit
1605 1209 1672 1268 fisci

340 1311 469 1369 curatori
495 1311 753 1388 praetorianorum
780 1320 809 1370 et
831 1311 1052 1371 urbaniciornm
1078 1321 1195 1371 creatus
1212 1311 1284 1370 'sine
1306 1311 1397 1370 dubio
1418 1311 1456 1370 ad
1479 1311 1591 1370 salaria
1612 1311 1673 1369 col-

338 1412 415 1491 legis
438 1411 684 1490 pernumeranda.
728 1412 763 1471 ln
786 1421 868 1472 tanto
891 1413 1046 1472 titulorum
1068 1433 1192 1472 numero
1215 1423 1355 1490 tantaque
1376 1413 1406 1470 in
1429 1413 1476 1471 his
1498 1414 1588 1472 rebus
1611 1432 1671 1471 am·

338 1513 452 1572 bitione
474 1514 606 1573 deiectus
633 1514 686 1573 ille
708 1532 774 1572 oum
796 1515 880 1574 casui
907 1515 996 1574 tribui
1023 1525 1166 1590 nequeat,
1195 1515 1257 1574 iure
1278 1514 1348 1573 inde
1374 1514 1549 1592 colligemus
1575 1533 1672 1592 neque

338 1616 457 1693 signum
479 1617 612 1675 evocetis
630 1615 759 1692 Augusti
781 1635 937 1675 commune
961 1615 1054 1674 ullum
1076 1616 1171 1676 fuisse
1189 1635 1285 1694 neque
1301 1616 1406 1675 ducem
1421 1635 1618 1688 communem,
1640 1617 1671 1674 id

337 1718 418 1793 quod
440 1718 500 1776 lere
522 1717 707 1777 retinuerunt
729 1737 768 1776 ex
794 1719 924 1778 evocatis
945 1718 1116 1795 antiquitt)
1139 1727 1169 1777 et
1190 1727 1238 1776 est
1259 1718 1324 1777 eine
1350 1718 1441 1777 dubio
1462 1718 1539 1776 inter
1552 1735 1673 1790 causas,

338 1838 390 1878 cur
411 1819 528 1878 evocati
550 1820 739 1897 potissimum
762 1827 791 1878 et
812 1819 871 1897 ipsi
893 1821 1068 1880 vocitentur.
1104 1820 1140 1878 In
1162 1828 1326 1879 castrorum
1348 1819 1445 1878 lorma
1465 1837 1587 1896 quoque
1607 1821 1672 1878 iuu-

337 1931 446 1998 guntur
468 1941 534 1981 cum
560 1921 795 1998 primipilaribus
816 1922 1027 1998 imperatorem
1049 1921 1274 1996 comitantibus,
1302 1939 1379 1997 quos
1407 1922 1519 1998 pariter
1539 1920 1624 1992 duce,
1642 1930 1673 1979 et

339 2023 425 2102 signo
447 2041 502 2082 suo
524 2023 656 2082 caruisse
677 2022 839 2082 verisimile
860 2032 915 2083 est.
1282 2027 1283 2030 ’

381 2123 478 2199 Quam
500 2126 539 2184 ob
566 2143 686 2185 causam
713 2134 854 2185 evocatos
875 2128 1033 2203 Augustus
1060 2126 1223 2185 instituerit
1251 2134 1280 2184 et
1305 2125 1415 2202 quibus
1441 2124 1551 2184 officiis
1576 2123 1671 2183 functi

397 2436 420 2499 ¹)
440 2435 535 2498 0.v1‚
558 2437 642 2486 tutte
671 2434 737 2486 Aur.
755 2431 851 2486 Mestro
871 2450 902 2486 ex
921 2435 990 2486 evole.
1011 2437 1055 2502 put
1071 2436 1124 2486 mit.
1143 2437 1171 2485 in
1190 2435 1308 2502 logione)
1328 2451 1369 2484 ανι.
1385 2431 1430 2496 VI,
1460 2435 1487 2484 in
1506 2441 1569 2484 curt.
1584 2440 1671 2501 praet.

338 2545 379 2579 on.
393 2525 466 2580 XXI
545 2544 569 2578 ν.
590 2543 648 2578 oon.
662 2523 789 2578 XXXVI
810 2526 899 2588 (immo
920 2523 1094 2591 XXXXVI).
1138 2527 1210 2578 Anni
1228 2527 1297 2576 XXI
1320 2527 1426 2578 omnino
1449 2525 1673 2591 comprehendunt

337 2629 390 2672 tam
410 2621 537 2686 stipendia
555 2620 670 2685 gregalia
688 2622 716 2670 in
735 2621 866 2684 praetorio
885 2634 961 2684 quarn
981 2621 1121 2670 evocativa.
1150 2617 1203 2671 Sed
1223 2618 1246 2668 ei
1266 2618 1340 2668 titulo
1359 2619 1398 2668 sui
1417 2619 1520 2682 generis
1533 2618 1612 2668 unico
1625 2632 1672 2667 nec

337 2715 428 2764 aetatis
447 2714 531 2766 bonae
549 2728 603 2762 uon
622 2712 730 2763 multum
750 2711 912 2762 tribuendum
933 2717 977 2761 est.
1020 2712 1105 2776 Magis
1124 2711 1174 2760 huc
1193 2711 1304 2776 pertinet
1323 2710 1452 2760 dedicatio
1476 2723 1554 2774 supra
1579 2725 1606 2773 p.
1620 2709 1670 2758 145

339 2808 429 2868 citata3
449 2820 509 2856 narn
529 2819 586 2855 oum
606 2805 632 2854 iu
652 2818 683 2854 ea
701 2811 760 2868 post
778 2803 922 2868 praefectos
934 2803 1057 2867 praetorii
1071 2808 1251 2852 enumerentur
1264 2802 1359 2852 tribuni
1372 2801 1518 2866 militesque
1532 2808 1583 2850 tem
1597 2815 1671 2864 prae·

338 2899 463 2949 toriarum
483 2897 627 2948 cohortium
647 2909 724 2960 quam
744 2895 899 2945 urbanarum
918 2896 1030 2960 itemque
1049 2901 1157 2947 statores
1177 2901 1203 2943 et
1222 2895 1334 2955 evocati,
1357 2893 1442 2944 absint
1464 2901 1550 2942 autem
1570 2892 1670 2956 vigiles,

180 3053 184 3060 ι
278 2997 280 3000 ’
338 2990 463 3040 classiarii
482 2989 588 3049 urbani,
615 2989 712 3052 equites
734 2987 891 3052 singulares,
918 2987 1056 3036 verisimile
1080 2993 1118 3036 est
1140 2986 1199 3036 illos
1222 2999 1342 3035 numeros
1362 2999 1392 3034 ee
1412 2985 1517 3034 nomine
1541 2984 1671 3048 coniungi,

339 3081 408 3146 quod
428 3081 554 3146 parebant
572 3079 709 3144 praefectis
729 3079 866 3143 praetorio.
912 3079 944 3128 Id
967 3077 1097 3128 etiamad
1121 3077 1233 3128 urbanae
1257 3077 1376 3127 cohortes
1402 3076 1594 3140 quodammodo
1613 3089 1672 3140 per·

339 3175 427 3224 venire
446 3174 487 3223 vel
506 3172 567 3222 inde
587 3171 729 3236 colligitur,
749 3171 819 3236 quod
839 3171 892 3220 iure
913 3185 991 3220 uuum
1012 3185 1103 3235 eorpus
1122 3185 1180 3219 curn
1199 3169 1369 3235 praetorianis
1388 3167 1531 3228 faciebant3
1556 3165 1671 3216 credide·

338 3266 438 3330 rimque
457 3265 511 3314 fere
530 3272 558 3314 ut
576 3265 603 3318 in
617 3263 716 3325 Africa,
737 3263 779 3312 obi
799 3263 866 3327 legio
880 3262 922 3313 111
941 3262 1059 3327 Angusto
1078 3261 1165 3327 legato
1183 3261 1220 3310 ita
1239 3240 1353 3326 perabat,
1373 3266 1518 3309 etcertum
1536 3273 1671 3308 numerum

338 3357 472 3407 hominurn
492 3355 525 3405 ad
544 3356 724 3420 proconsulem
744 3355 890 3419 deputaret,
915 3355 950 3404 ita
969 3355 996 3404 in
1015 3354 1079 3404 urbe
1097 3353 1182 3404 Roma
1206 3339 1354 3403 cohortibus
1380 3352 1475 3402 civium
1494 3350 1671 3402 Rornanorum

337 3448 481 3514 praelector
500 3455 597 3498 certum
616 3461 751 3498 numerum
769 3461 857 3496 earnm
876 3447 1013 3510 deputasse
1032 3446 1162 3510 praelecto
1181 3446 1247 3496 urbi.

396 3538 421 3603 ²)
441 3540 543 3592 Titulos
557 3539 692 3591 Ravennae
704 3538 854 3590 Bormanno
874 3539 944 3588 visua
963 3537 1004 3598 (G.
1017 3538 1067 3598 XI,
1086 3538 1120 3588 19
1143 3555 1177 3580 =
1200 3537 1279 3589 Orell.
1294 3533 1377 3598 3464)
1397 3537 1434 3586 ric
1453 3541 1504 3585 est:
1524 3531 1562 3584 tr.
1577 3525 1672 3601 Apim'o

342 3631 371 3682 r.
388 3632 414 3698 s.
439 3629 506 3682 cam.
535 3617 626 3681 reone
645 3629 846 3697 gemmeum)
872 3628 998 3695 regum)
1018 3625 1107 3678 xxii
1127 3628 1313 3696 primaeuae)
1332 3627 1415 3694 μιν)
1433 3624 1567 3690 smero),
1595 3640 1672 3692 prae-

330 3724 427 3790 s(ecto)
448 3723 575 3790 leghem)
594 3720 671 3772 XIII
686 3721 816 3789 geminae,
837 3719 986 3782 centurioni)
1007 3720 1134 3787 tegente)
1149 3717 1202 3770 XV
1213 3719 1406 3787 Apoll(iuarie),
1425 3716 1551 3784 meelate)
1571 3735 1589 3768 a
1607 3734 1672 3768 cora·

337 3815 488 3878 memoriis)
508 3813 712 3877 custlodt'orum),
739 3815 837 3882 optioni
854 3828 921 3864 evoe.
945 3812 1025 3864 solur.
1050 3820 1130 3864 curat.
1154 3811 1186 3862 ab
1212 3810 1329 3872 indicit,
1353 3817 1454 3878 patron.
1479 3827 1545 3860 mun.
1565 3808 1673 3869 liorem,

334 3908 427 3976 pontrjs.
460 3909 579 3959 Alterum
598 3923 665 3958 avoc.
686 3907 766 3958 deleri
785 3906 859 3956 iussit
871 3905 1030 3957 Schmidtius
1047 3921 1072 3970 p.
1088 3903 1140 3956 342
1154 3912 1208 3955 not.
1223 3903 1277 3955 344
1290 3909 1353 3964 not,
1372 3903 1475 3953 fortiter
1493 3903 1576 3967 magis
1594 3915 1671 3967 quern

338 4001 486 4065 prudenter.
524 4001 597 4052 Idem
616 4007 702 4050 tamen
721 4005 790 4049 reete
810 4011 852 4048 me
871 3997 1035 4063 reprehendit
1056 3997 1089 4046 oh
1114 3997 1235 4046 reiectam
1259 3995 1495 4060 interpretationem
1513 3993 1672 4045 Orelliauam

338 4092 432 4142 salomi
450 4093 490 4142 vel
510 4093 596 4157 potius
614 4091 767 4142 eoloriorum
786 4090 912 4140 curatoris
925 4089 1057 4140 defensam
1071 4089 1176 4139 omnino
1190 4088 1383 4153 comparatione
1396 4087 1450 4137 fisci
1463 4087 1590 4136 curatoris
1603 4085 1671 4150 apud

338 4185 525 4248 praetorianos.
557 4184 610 4237 Sed
630 4183 700 4249 quod
718 4183 897 4248 gravissimum
917 4188 963 4244 est,
984 4183 1055 4246 optio
1075 4196 1158 4246 neque
1176 4179 1244 4230 node
1257 4181 1395 4245 procedere
1408 4185 1493 4244 potest
1506 4191 1591 4242 neque
1605 4179 1672 4227 inter

338 4285 503 4327 evocatorum
522 4277 673 4326 vocabulum
694 4275 733 4325 bis
752 4275 887 4341 repetitum
907 4275 1073 4340 interpositas
1099 4273 1131 4322 ab
1157 4273 1189 4322 iis
1213 4277 1282 4322 recte
1306 4272 1435 4337 separari;
1464 4277 1599 4336 praeterea
1617 4271 1673 4334 ipsa

339 4369 457 4418 vocabuli
476 4369 595 4434 repetitio
614 4367 652 4417 ita
669 4368 766 4432 optime
785 4367 940 4432 explicetur,
965 4373 1064 4416 utnon
1084 4370 1203 4415 evocatus
1222 4364 1262 4414 bis
1281 4371 1404 4430 ponatur,
1428 4363 1474 4413 red
1498 4361 1673 4427 distinguatur

338 4467 457 4510 evocatus
477 4476 534 4511 cum
554 4459 655 4510 adiecta
674 4459 887 4509 determinatione
906 4459 939 4508 eb
959 4458 1064 4523 optione
1084 4464 1257 4507 evocatorum.

398 4548 422 4613 ¹)
443 4551 473 4602 0.
487 4552 534 4613 VI,
556 4551 641 4602 3414:
661 4549 694 4600 L.
715 4549 825 4602 dott'stt'o
844 4547 876 4600 L.
889 4549 916 4615 s.
936 4547 997 4600 sat.
1020 4545 1108 4607 Quieto
1127 4563 1194 4598 evoe.
1214 4546 1283 4614 Aug.
1303 4545 1335 4596 ab
1354 4545 1459 4597 iudicer.

396 4640 421 4705 ⁴)
440 4643 578 4709 Appianas
597 4644 622 4693 b.
642 4659 664 4694 c.
679 4644 709 4706 3,
734 4645 770 4694 40
789 4657 911 4693 enarrans
934 4641 1111 4692 evocationem
1130 4647 1310 4691 veteranorum
1329 4645 1494 4704 paternorum
1513 4645 1573 4703 post
1591 4638 1671 4687 diem-

338 4735 401 4785 toris
426 4736 530 4786 caedem
551 4750 567 4785 a
588 4735 644 4786 illio
668 4736 811 4786 institutam
829 4721 898 4802 ἦγεν,
922 4735 1020 4799 inquit,
1047 4730 1071 4791 ἐς
1100 4725 1200 4801 μυρίους
1230 4721 1321 4800 ἄνδρας
1350 4719 1405 4780 οὔτε
1435 4721 1609 4798 ὁπλισμίννυς
1638 4725 1673 4776 iv·

336 4825 414 4882 τιλός
437 4814 492 4876 orire
512 4821 718 4895 σνντεταγμίνινς
735 4843 770 4876 πω
790 4819 846 4878 κατ’
866 4820 937 4889 ἴλας,
967 4820 1033 4874 ἀλλ’
1059 4816 1089 4882 ὦς
1113 4821 1137 4882 ὗς
1155 4811 1229 4893 μα’νην
1246 4819 1291 4874 τοῦ
1310 4819 1422 4891 πόματος
1445 4808 1558 4890 φνλαιιιίν
1576 4811 1617 4886 ὕφ’
1640 4815 1673 4868 ivl

337 4914 441 4986 σημείῳ.
480 4918 616 4970 Antonium
630 4918 787 4986 praesectum
806 4925 962 4970 evocatorum
981 4932 1085 4969 suornm
1105 4923 1230 4968 memorat
1247 4915 1339 4967 OEcsro
1354 4914 1462 4967 Ciliciae
1481 4913 1621 4981 proconsul
1640 4911 1673 4961 ed

337 5010 399 5061 iam.
419 5011 445 5074 3,
466 5009 491 5073 6,
513 5011 537 5062 5.
575 5012 682 5062 Evocati
702 5012 790 5077 quales
811 5019 864 5061 tum
884 5017 958 5061 erant
975 5017 1004 5059 ut
1023 5025 1070 5060 nec
1089 5010 1168 5074 signis
1188 5023 1235 5059 nec
1257 5007 1364 5058 ducibus
1387 5007 1465 5072 plane
1490 5021 1579 5056 carere
1602 5012 1674 5070 pote·

337 5111 403 5165 rant,
424 5104 460 5154 ita
478 5119 506 5154 re
526 5105 608 5168 magis
627 5103 756 5154 habebant
776 5117 852 5169 quam
872 5104 927 5153 iure
946 5110 972 5152 et
989 5101 1117 5168 quidquid
1130 5102 1162 5152 de
1174 5102 1206 5151 iis
1220 5101 1342 5158 traditum
1356 5097 1512 5164 accepimus,
1532 5097 1673 5148 luculenter

337 5195 448 5248 ostendit
467 5196 657 5250 ordinationem
676 5196 805 5262 legitimae
824 5194 934 5246 militiae
953 5194 987 5244 ed
1006 5208 1051 5246 eos
1070 5193 1141 5244 nullo
1161 5191 1239 5244 rnodo
1259 5191 1422 5257 pertinuisse.
