3518 5828
492 533 1092 589 oessevsrrouasurroasrurcse.
1396 513 1466 584 157

130 711 170 768 ad
197 710 390 786 magistratus
412 709 520 768 Italiae
549 708 763 786 praesidesque
792 708 1020 784 provinciarum.
1063 707 1112 766 Ab
1139 708 1176 766 iis
1205 727 1272 767 cunr
1302 707 1467 767 secundnm

133 809 242 869 Dionis
264 811 364 870 locum
387 829 478 886 supra
498 810 624 870 relatum
641 808 736 870 Gaius
759 810 945 884 abstinuerit,
968 809 1161 870 nibilominus
1182 817 1278 868 autem
1295 810 1396 868 statim
1418 809 1489 868 sa·¹

132 919 315 972 crementum
338 933 391 991 per
406 913 578 972 universum
594 913 695 972 orbem
712 920 857 971 terrarum
871 912 1039 971 Romanum
1060 911 1236 988 praestitum
1259 929 1325 970 esse
1347 911 1467 970 tabulae

132 1032 226 1092 supra
246 1015 360 1074 relatae
382 1014 542 1081 declarent,
565 1014 736 1073 necessario
758 1014 893 1090 sequitur
909 1011 989 1073 Gaio
1005 1015 1184 1091 imperatore
1206 1014 1284 1071 facto
1306 1012 1336 1071 id
1359 1022 1467 1089 sponte

133 1125 304 1192 susceptum
326 1133 408 1188 esse3
438 1116 467 1174 id
490 1116 571 1191 quod
597 1117 667 1174 item
690 1117 808 1193 egregie
828 1117 967 1175 convenit
991 1115 1126 1193 publicae
1154 1115 1301 1184 laetitiae,
1329 1134 1388 1192 qua
1413 1115 1466 1172 illa

132 1217 249 1295 imperii
277 1217 436 1277 translatio
458 1235 562 1276 omnes
585 1225 673 1277 antea
700 1227 842 1294 posteave
864 1217 958 1276 lactas
980 1218 1068 1294 longe
1091 1216 1256 1294 superavit,
1285 1217 1322 1274 ab
1346 1217 1465 1293 aequali

132 1318 260 1377 Philone
286 1319 456 1378 luculenter
484 1328 623 1378 enarrata
648 1329 679 1378 et
704 1319 840 1378 similiter
861 1320 931 1378 item
954 1321 1109 1378 enuntiata
1134 1318 1164 1376 in
1194 1317 1319 1376 exordio
1346 1318 1465 1378 tabulae

133 1421 302 1480 Assiorum.
346 1421 395 1480 Ita
416 1440 483 1481 cum
506 1421 663 1480 formulam
689 1419 903 1480 iurisiurandi
927 1438 985 1478 non
1012 1420 1151 1498 princeps
1174 1421 1307 1492 dictarit,
1339 1419 1392 1478 sed
1414 1419 1465 1495 qui

133 1529 354 1582 sacramentum
376 1523 451 1581 illud
472 1522 561 1600 primi
583 1523 806 1598 praestiterunt,
828 1521 858 1580 id
880 1530 934 1593 est,
958 1530 989 1579 ut
1004 1523 1046 1580 ait
1062 1521 1185 1580 Tacitus
1208 1522 1237 1580 in
1253 1521 1385 1592 Tiberio,
1407 1521 1465 1578 Ro·

132 1643 194 1682 mae
215 1624 345 1683 consoles
369 1619 468 1700 potres
489 1642 586 1700 eques,
614 1624 644 1682 in
668 1621 746 1684 Gaio
767 1610 856 1683 facile
882 1624 1034 1682 immutari
1061 1623 1158 1700 potuit
1179 1632 1208 1681 et
1230 1623 1346 1699 augeri,
1374 1621 1465 1698 idque

134 1743 202 1783 rere
223 1725 333 1785 sactum
357 1744 424 1784 ease
439 1726 597 1784 verisimile
620 1734 674 1797 est,
698 1743 877 1802 quamquam
900 1734 980 1784 certo
1003 1725 1033 1782 id
1055 1724 1252 1785 demonstrari
1274 1743 1332 1783 non
1356 1730 1463 1801 potest,

132 1845 198 1884 cunr
221 1827 376 1887 sollemnis
399 1828 528 1886 formula
550 1817 728 1888 sacramenti
743 1827 840 1904 qualis
862 1827 954 1886 luerit
975 1827 1135 1903 ignoretur.
1161 1859 1194 1870 ·-
1221 1827 1256 1884 ln
1278 1835 1464 1886 sacramento

131 1936 259 2004 utroque
281 1928 492 2007 distinguenda
513 1939 583 1989 sunt
604 1930 772 1988 communia
797 1938 1065 2001 sacramentorum,
1093 1947 1296 2006 quaecumque
1318 1927 1408 1985 Aritii
1435 1933 1464 1984 et

132 2030 206 2088 Asai
232 2031 351 2106 publice
374 2031 579 2108 adigerentur,
608 2041 638 2090 et
666 2032 788 2109 propria
811 2031 988 2090 sacramenti
1010 2030 1202 2107 imperatorii.
1248 2028 1394 2090 Clausala
1415 2047 1464 2088 sa·

132 2133 275 2191 crementi
303 2141 363 2192 tam
386 2132 495 2193 Latina
516 2152 605 2211 quam
629 2131 747 2193 Graeca
773 2133 811 2192 ad
833 2133 1002 2192 communia
1030 2133 1174 2207 pertinet3
1203 2131 1284 2191 illam
1312 2132 1384 2190 olim
1412 2132 1463 2190 ob-

131 2241 282 2292 servatum
304 2244 352 2294 est
372 2235 469 2295 redire
491 2235 521 2294 in
543 2235 702 2295 annalibus
724 2235 796 2294 belli
811 2234 1003 2294 Hannibalici
1014 2233 1052 2309 ¹),
1075 2235 1148 2292 haec
1170 2235 1275 2292 iisdem
1297 2234 1397 2293 verbis
1418 2252 1462 2291 re·

130 2334 244 2412 peritur
264 2335 295 2394 in
316 2336 411 2396 titulis
434 2337 503 2396 aliis
526 2335 701 2414 cruentet).
744 2335 877 2396 Numina
899 2355 1017 2413 quoque
1039 2337 1207 2396 communie
1233 2345 1317 2408 aunt,
1345 2355 1381 2394 ea
1408 2335 1463 2393 sci-

131 2435 202 2495 licet
222 2455 276 2512 per
290 2455 368 2514 quae
383 2438 546 2498 secundum
568 2439 656 2498 unius
676 2439 818 2516 cuiusque
835 2439 965 2498 civitatis
987 2438 1068 2515 leges
1091 2438 1210 2514 publice
1226 2433 1349 2496 iuratur.
1382 2435 1463 2495 Nam

132 2537 214 2613 quod
235 2539 322 2599 Assii
347 2541 446 2600 iurant
472 2559 526 2617 per
552 2541 675 2600 numina
702 2559 756 2600 sua
782 2559 864 2600 more
889 2538 1021 2612 Graeco,
1049 2539 1189 2598 Lusitani
1218 2557 1299 2598 more
1326 2539 1463 2597 Romano

132 2640 281 2716 peregrini
304 2642 431 2718 utrique,
454 2643 485 2701 id
507 2660 572 2702 cum
595 2661 631 2702 eo
646 2643 834 2702 coniunctum
849 2652 904 2713 ost,
927 2643 1007 2718 quod
1021 2641 1064 2700 illi
1082 2640 1201 2700 Graeca
1215 2641 1317 2718 lingua
1332 2650 1463 2713 utuntur,

131 2741 162 2798 bi
184 2739 294 2800 Latine
315 2751 345 2800 et
366 2745 487 2803 omniuo
510 2745 589 2822 quod
610 2746 767 2823 imperium
791 2745 957 2804 Romanum
980 2763 1039 2802 non
1063 2744 1106 2802 ita
1127 2751 1160 2800 ut
1181 2741 1301 2803 Graeca
1322 2744 1464 2803 barbaro-

132 2861 196 2900 rum
219 2861 339 2920 qnoque
361 2863 436 2921 quos
465 2845 566 2906 dicunt
590 2847 727 2906 instituta
752 2847 873 2922 publica
899 2845 1019 2906 admisit
1044 2858 1075 2905 et
1096 2863 1151 2903 sua
1174 2845 1362 2922 aliquatenus
1383 2845 1461 2904 lecit.

132 2941 240 3003 Gaiaai
264 2948 444 3006 sacrementi
465 2949 590 3025 propria
612 2949 685 3008 baec
707 2967 766 3008 non
789 2957 866 3008 sunt
901 2945 961 3007 Sed
983 2948 1080 3022 ipsum
1097 2947 1177 3024 quod
1198 2949 1313 3007 iuratur
1332 2949 1362 3007 in
1382 2956 1462 3007 utro·

130 3063 189 3121 que
210 3047 409 3107 instrumento
430 3049 473 3108 ita
495 3051 583 3126 parili
600 3051 688 3109 modo
710 3050 853 3125 procedit,
877 3059 910 3108 ut
931 3057 1032 3128 aperte
1053 3071 1091 3109 ex
1106 3049 1235 3109 formula
1251 3050 1380 3127 pendeat
1400 3061 1462 3112 tam

130 3146 286 3208 Lusitanis
307 3168 397 3226 qnam
415 3151 538 3211 Asianis
560 3173 599 3211 ex
615 3154 687 3211 urbe
708 3153 888 3212 transmissa
909 3161 939 3211 et
954 3151 1023 3211 Gaii
1046 3169 1139 3211 causa
1160 3161 1312 3230 concepta.
1350 3153 1461 3211 Potue-

129 3257 200 3308 runt
225 3251 346 3314 omnino
372 3253 464 3312 verba
490 3253 592 3314 cadem
623 3263 684 3314 tum
710 3255 848 3330 usurpari
875 3254 984 3332 quibus
1011 3263 1080 3314 ante
1108 3253 1217 3314 Gaium
1244 3264 1274 3314 et
1299 3267 1368 3330 post
1395 3274 1461 3312 eum

130 3351 210 3410 cives
232 3352 399 3431 subditique
422 3355 652 3434 imperatoribus
675 3367 892 3416 sacramentum
920 3358 1147 3434 praestiterunt3
1174 3357 1226 3416 scd
1247 3357 1345 3435 magis
1368 3356 1461 3416 credi·

130 3452 223 3512 derim
246 3455 275 3512 in
300 3452 448 3514 Gaianam
472 3458 626 3535 proprium
643 3457 785 3536 quiddam
802 3459 870 3516 novi
886 3459 1074 3534 imperatoris
1090 3458 1220 3518 studium
1236 3458 1387 3529 intulisse;
1411 3477 1461 3516 ne-

130 3573 189 3642 que
211 3556 373 3616 verisimile
394 3558 425 3616 in
446 3560 538 3617 verba
560 3559 673 3622 Tiberii
697 3559 742 3619 vel
763 3560 886 3619 Traiani
909 3579 962 3636 per
985 3561 1152 3620 universum
1176 3561 1332 3638 imperium
1355 3561 1396 3618 ita
1417 3561 1461 3617 iu-

130 3663 227 3715 ratum
251 3675 328 3729 esse,
351 3667 382 3716 ut
403 3661 517 3718 amicos
539 3660 676 3720 hostesve
699 3679 801 3721 omnes
824 3663 882 3722 sibi
903 3663 968 3721 fore
983 3663 1161 3738 sponderent
1176 3663 1228 3738 qui
1243 3663 1346 3720 eodem
1361 3661 1460 3720 animo

130 3758 161 3814 in
188 3758 350 3835 principem
374 3771 485 3820 essent.
534 3763 660 3821 Accedit
681 3763 761 3838 quod
788 3761 946 3822 formulam
971 3783 1036 3823 eam
1063 3775 1201 3823 auctores
1228 3763 1360 3823 referunt
1386 3773 1459 3821 tam-

131 3877 219 3934 quam
242 3860 422 3938 singularem
445 3871 475 3921 et
497 3863 646 3922 insolitam
669 3865 797 3924 fortasse
819 3883 877 3922 non
901 3865 996 3924 solum
1020 3874 1142 3944 propter
1164 3883 1300 3925 sororum
1320 3865 1460 3923 adiectio-

131 3979 208 4034 nem,
232 3963 395 4021 sedetiam
417 3974 539 4042 propter
561 3966 627 4043 ipss
649 3965 749 4024 rerba.
788 3965 854 4026 Hoc
876 3973 910 4026 ut
926 3968 956 4026 in
971 3967 1141 4026 coniectura
1162 3968 1293 4044 positum
1309 3975 1363 4038 est,
1385 3967 1460 4025 illud

130 4071 240 4120 eertum
274 4063 391 4123 videtur
423 4085 487 4125 esse
524 4085 590 4126 cum
627 4067 834 4126 coniuratione
870 4069 921 4126 ills
957 4080 1063 4146 sponte
1101 4079 1240 4145 suscepta
1271 4073 1458 4128 coniunctum

130 4163 237 4237 inisse,
265 4176 298 4224 ut
320 4175 537 4226 sacramentum
560 4186 620 4226 non
643 4169 740 4228 solum
763 4171 793 4228 in
816 4171 935 4230 tabulas
962 4171 1100 4248 publicas
1123 4171 1297 4242 referretur,
1326 4171 1357 4228 id
1379 4170 1459 4246 quod

129 4267 279 4325 communi
299 4269 363 4329 iure
385 4269 549 4341 obtinebat,
573 4269 623 4328 sed
646 4279 802 4346 praeterea
824 4273 862 4331 ad
883 4273 959 4349 legis
981 4272 1106 4332 sormam
1129 4274 1160 4332 in
1176 4293 1245 4333 aere
1260 4272 1459 4350 perscriptum

188 4460 211 4521 ¹)
231 4461 321 4527 Scipio
340 4463 409 4528 apud
428 4463 529 4513 Livium
550 4463 597 4524 22,
625 4463 658 4512 5³
684 4464 752 4513 cirea
776 4465 886 4527 patriam
911 4465 1057 4516 deserturos
1080 4466 1149 4530 cogit
1172 4473 1200 4515 ut
1224 4467 1309 4516 iurent
1331 4466 1357 4514 in
1382 4465 1460 4515 verba

129 4551 205 4602 baec:
235 4569 265 4603 cx
283 4555 332 4604 mci
349 4555 427 4604 animi
444 4555 576 4615 sententio,
606 4561 634 4604 ut
657 4571 702 4620 eqo
725 4570 777 4605 rem
793 4553 919 4622 poblicum
933 4557 1028 4624 populi
1044 4557 1154 4608 Romani
1176 4574 1225 4607 noa
1248 4557 1360 4608 deaerm
1382 4573 1460 4624 oeque

128 4644 206 4694 olium
224 4646 302 4695 civem
321 4644 433 4696 demere
448 4647 554 4713 patior.-
582 4647 607 4695 ei
624 4647 705 4696 am'ena
714 4645 799 4709 sallo,
827 4654 876 4698 tum
899 4663 935 4698 me
953 4647 1068 4716 vapiter
1092 4650 1198 4718 optimus
1219 4651 1341 4700 mammos
1364 4648 1459 4700 domum

121 4735 250 4798 somilicaa
267 4753 366 4804 remque
384 4753 462 4788 mecm
478 4739 585 4805 pessimo
605 4737 653 4787 leto
673 4736 785 4804 adficiat.

183 4825 209 4889 ²)
228 4829 352 4880 Proxime
371 4831 471 4880 accedit
489 4831 522 4880 od
542 4829 610 4880 hano
627 4830 740 4879 formula
763 4837 838 4894 pacto
857 4832 990 4882 Latiorum
1015 4841 1040 4882 st
1060 4831 1223 4884 Olontiorum
1243 4834 1334 4884 Cretae
1359 4833 1458 4883 insulae

126 4920 239 4970 subiecta
265 4917 307 4982 (C.
322 4921 342 4971 1.
358 4921 405 4973 Gr.
425 4921 506 4984 2554,
529 4920 605 4984 175):
636 4908 715 4990 ὀμνύω
740 4907 784 4970 reb
802 4912 907 4972 Ἑστίαν
931 4931 978 4974 oct.
999 4919 1135 4993 adspiciam
1158 4921 1202 4994 plu
1226 4912 1286 4992 ἧμιν
1308 4913 1396 4974 πολλᾶ
1418 4921 1458 4974 sal

128 5003 222 5078 r'yadd,
244 5009 385 5081 ἐφορκίοντι
404 5009 432 5062 δ’·
450 4999 482 5062 τὲ
501 5007 605 5062 luania.
643 5013 744 5066 Similia
763 5015 925 5078 reperiuntur
943 5016 1039 5067 ibidem
1059 5033 1083 5067 n.
1101 5018 1179 5068 1688.
1200 5017 1280 5068 2555.
1301 5019 1386 5082 3137;
1406 5019 1459 5081 egit

126 5103 157 5152 de
177 5104 231 5167 bia,
257 5106 336 5158 etiam
360 5106 392 5158 de
412 5105 497 5157 forms
516 5101 638 5174 ὶψιορκιῖν
662 5105 702 5153 vel
726 5100 837 5173 lpcpaais
860 5122 907 5172 pro
930 5104 1062 5176 incapacia,
1088 5108 1236 5159 Boeclshlus
1256 5110 1352 5159 ibidem
1376 5109 1456 5159 voll

125 5210 149 5258 p.
163 5197 225 5246 808.
