3518 5828
329 518 399 588 146
906 535 1089 590 1101111111

327 708 382 766 scd
408 709 562 785 proximus
584 709 625 781 si,
653 715 687 766 ut
713 717 743 766 et
764 710 834 768 vitis
862 709 979 786 insigne
1002 711 1121 784 utrique
1143 727 1298 768 commune
1320 708 1361 766 sit
1386 715 1416 766 et
1437 708 1514 766 adeo
1536 709 1661 766 abusive

326 809 393 886 ipse
420 812 554 869 centorio
582 806 798 888 appelletur1).
834 843 872 853 -
907 809 1063 888 Stipendia
1088 828 1208 887 quoque
1230 809 1278 868 vel
1307 808 1406 884 potius
1433 809 1545 868 salaria
1575 809 1659 883 (nam

327 912 544 986 stipendiorum
564 913 741 970 vocabulum
764 914 879 970 evocati
902 911 1027 989 evitant)
1050 912 1088 970 ad
1111 911 1313 970 centurionica
1334 911 1472 986 proxime
1494 912 1662 970 accessisse

325 1012 452 1070 dubitari
475 1033 534 1072 nou
556 1023 664 1089 potest.
691 1046 729 1056 -
756 1012 817 1070 Pro
839 1013 972 1091 praemio
994 1013 1115 1071 militari
1137 1023 1260 1072 evocato
1287 1013 1374 1070 datur
1399 1029 1512 1071 corona
1529 1011 1659 1087 aursni)

327 1115 439 1191 pariter
455 1125 544 1191 atque
564 1115 745 1184 centurioni3
768 1116 918 1190 torquium
942 1115 1127 1173 armillarum
1150 1115 1351 1191 phalerarum,
1374 1113 1440 1170 sinc
1463 1114 1571 1189 quibus
1594 1133 1661 1172 cen-

325 1217 437 1274 turioni
459 1234 569 1274 corona
584 1215 649 1274 dari
670 1235 730 1274 non
753 1216 879 1287 solebat,
901 1217 930 1273 in
952 1216 1085 1273 evocatis
1109 1215 1277 1290 exemplum
1300 1215 1415 1272 nullum
1437 1215 1552 1285 inveni;
1576 1216 1660 1273 cuius

325 1317 510 1376 differentiae
531 1325 625 1375 causa
646 1317 724 1375 inira
746 1317 954 1394 explicabitur.
972 1349 1010 1360 ·-
1034 1315 1151 1393 Corpus
1172 1317 1288 1374 evocati
1312 1315 1474 1374 effecerunt
1495 1317 1660 1392 proprium,

324 1410 458 1487 σύστημα
479 1409 562 1486 ἴδιον,
589 1428 621 1476 ut
649 1418 757 1476 diserte
784 1419 826 1477 ait
847 1418 923 1490 Dio,
953 1419 1170 1494 confirmatque
1193 1427 1297 1476 auctor
1318 1417 1354 1474 111
1376 1418 1483 1475 castris
1511 1419 1660 1476 metandis

326 1519 386 1577 at
409 1521 541 1578 evocatis
568 1520 597 1576 in
626 1519 772 1594 peda-tura
794 1521 912 1594 quidem
936 1521 1100 1577 cohortium
1128 1520 1342 1594 praetoriarum
1366 1519 1464 1577 locum
1487 1519 1660 1594 adsignans,

325 1622 377 1679 sed
400 1631 433 1678 nt
455 1622 524 1678 item
548 1631 692 1698 appareat
714 1639 765 1679 eos
780 1621 818 1678 iis
837 1622 901 1679 iure
917 1639 974 1679 non
990 1622 1211 1698 comprehendi.
1245 1618 1411 1678 Confirmat
1426 1620 1555 1696 denique
1578 1639 1660 1696 egre·

324 1724 371 1797 gie
392 1723 495 1780 titulus
511 1720 545 1780 (i.
558 1721 612 1793 VI,
632 1722 708 1780 1009
730 1723 770 1780 Μ.
788 1723 911 1780 Aurelio
928 1720 1051 1780 Caesari
1074 1730 1135 1780 tum
1159 1721 1310 1780 dedicatus
1333 1723 1370 1780 ab
1389 1721 1523 1780 exercitu
1544 1723 1660 1780 urbano

323 1824 433 1880 civium
455 1823 670 1893 Romanorum,
696 1824 746 1881 ubi
769 1828 877 1882 euocati
899 1841 954 1882 sno
976 1824 1043 1882 loco
1065 1823 1249 1882 collocantur
1271 1830 1341 1899 post
1362 1823 1552 1881 centuriones
1574 1841 1658 1897 prae·

324 1925 458 1982 torianos
482 1933 511 1982 et
532 1926 662 1984 urbanos
690 1933 720 1983 et
742 1935 900 1998 staterum,
930 1935 999 1983 ante
1026 1925 1137 1984 milites
1165 1925 1389 1984 centurionibus
1417 1925 1478 1983 illis
1508 1933 1658 2000 parentes.

326 2023 384 2098 Qui
408 2027 526 2085 obstare
547 2027 723 2084 videbantur
745 2027 880 2086 laterculi
903 2028 1069 2084 cohortium
1092 2027 1308 2102 praetoriarum
1331 2033 1361 2085 et
1382 2026 1563 2085 urbanarum
1586 2046 1658 2085 enu-

324 2135 472 2186 merantes
494 2129 572 2184 inter
585 2128 717 2203 reliquos
735 2129 843 2187 milites
859 2137 1008 2197 evocatos,
1031 2136 1173 2202 tanquam
1196 2137 1225 2186 et
1246 2128 1304 2204 ipsi
1328 2129 1439 2204 pariter
1454 2137 1543 2203 atque
1566 2128 1658 2204 signi·

324 2229 377 2286 leri
405 2238 434 2286 et
459 2229 595 2303 optiones
621 2231 652 2288 in
682 2231 756 2306 ipsis
784 2232 958 2290 cohortibus
985 2230 1156 2302 militarint,
1184 2230 1221 2287 ab
1245 2230 1282 2287 iis
1309 2229 1367 2286 iam
1390 2228 1580 2288 Bormannus
1602 2247 1658 2288 nos

322 2330 475 2402 liberavit,
502 2340 664 2407 postquam
691 2333 721 2389 in
743 2333 800 2390 hac
821 2332 1020 2409 premeride
1034 2330 1081 2388 IV
1103 2350 1131 2406 p.
1150 2331 1207 2389 317
1232 2331 1350 2408 egregie
1373 2330 1474 2388 docuit
1495 2329 1656 2388 laterculos

323 2451 375 2490 eos
398 2443 477 2490 certe
503 2432 663 2508 plerosque
686 2446 821 2509 spectare
855 2433 893 2490 ad
919 2433 1092 2491 missionem
1105 2432 1151 2507 ³);
1185 2433 1228 2490 ita
1254 2433 1331 2490 enim
1359 2433 1385 2488 si
1418 2433 1470 2506 qui
1498 2449 1553 2506 pro
1585 2431 1657 2490 mis·

323 2535 406 2591 sione
429 2533 465 2591 ad
488 2534 621 2592 militiam
646 2535 786 2592 maiorem
809 2536 990 2606 transibant,
1020 2554 1084 2592 eam
1108 2541 1340 2593 consentaneum
1363 2545 1408 2592 est
1435 2545 1465 2591 et
1486 2535 1582 2609 ipsam
1606 2534 1656 2590 ad-

323 2635 462 2709 scriptam
486 2653 566 2706 esse,
594 2636 835 2712 intellegiturque
856 2637 913 2694 iarn
937 2655 996 2694 non
1019 2637 1116 2694 solum
1138 2654 1190 2694 cur
1212 2636 1348 2694 evocatio
1371 2635 1401 2692 iu
1424 2635 1461 2692 iis
1484 2634 1655 2711 diligentins
1700 2639 1705 2648 '

322 2737 489 2812 perscripta
521 2754 588 2794 esse
613 2737 750 2796 videatur
776 2757 865 2813 quam
894 2738 994 2796 officio
1020 2737 1283 2814 principalium4),
1312 2737 1364 2795 sed
1392 2737 1482 2794 etiam
1509 2755 1564 2794 cur
1589 2754 1656 2794 cen-

322 2837 489 2896 turionatus
512 2837 693 2913 legionarius
721 2839 857 2897 similiter
877 2839 1047 2913 adscriptus
1068 2839 1284 2914 inveniaturl).
1330 2839 1424 2913 quue
1439 2839 1539 2913 ipsum
1554 2855 1654 2913 qoam-

322 2956 410 3013 quam
440 2939 590 2996 intervidit
617 2949 646 2997 et
672 2940 891 3014 quodammodo
919 2941 1071 3016 praecepit
1101 2937 1284 2998 Schmidtius
1312 2959 1342 3016 p.
1364 2941 1439 3011 351,
1466 2940 1589 2996 invento
1618 2939 1655 2996 ad

322 3040 402 3098 hunc
423 3040 595 3117 scrupulum
618 3041 808 3100 eximendum
830 3061 890 3100 non
913 3050 959 3100 est
981 3059 1064 3100 usus.
1102 3039 1191 3114 Quod
1213 3059 1261 3100 res
1283 3041 1407 3118 requirit
1429 3047 1459 3099 et
1476 3059 1546 3098 rere
1569 3040 1656 3098 aliter

321 3160 388 3200 esse
410 3161 470 3200 non
493 3141 601 3216 potuit,
632 3153 664 3200 ut
686 3145 800 3202 evocati
824 3163 861 3200 ex
883 3143 1015 3218 antiquis
1038 3143 1169 3200 numeris
1193 3142 1367 3202 tollerentur
1388 3143 1504 3202 redacti
1525 3143 1564 3201 ad
1585 3159 1655 3218 pro·

325 3327 528 3335 ——--

381 3448 403 3509 ¹)
423 3450 496 3499 Haec
515 3452 602 3500 omnia
620 3459 688 3500 recte
705 3452 863 3503 Schmidtius
882 3468 907 3517 p.
923 3453 973 3503 341
996 3453 1124 3516 exposuit,
1154 3453 1203 3503 nisi
1223 3454 1293 3518 qnod
1311 3468 1337 3516 p.
1352 3453 1404 3503 345
1426 3453 1469 3514 (oi.
1489 3469 1515 3518 p.
1530 3450 1598 3515 333)
1627 3454 1655 3502 in

322 3541 396 3590 titulo
416 3541 565 3602 17126621
590 3540 708 3593 Valerius
731 3543 831 3594 Taurus
848 3544 919 3594 miles
937 3545 1015 3594 cortis
1029 3541 1085 3594 VII
1098 3546 1209 3611 pretoria
1227 3546 1339 3595 centurio
1363 3552 1481 3594 1111111111
1504 3546 1572 3594 insto
1596 3559 1656 3610 pro·

320 3633 442 3681 fnndiora
461 3635 593 3697 quaesivit,
614 3651 670 3684 cnm
690 3644 777 3700 aperte
797 3637 874 3686 homo
895 3638 1026 3686 1111111111
1045 3634 1177 3686 Paconius
1194 3637 1328 3687 balbutiat

380 3722 404 3785 ²)
425 3726 530 3774 chzen
551 3727 630 3776 6767.
672 3729 801 3778 Evocatus
819 3729 930 3794 Augusti
950 3729 1023 3778 donis
1042 3727 1150 3778 donatur
1170 3727 1209 3777 bia
1227 3745 1321 3779 corona
1340 3744 1420 3779 nureo
1439 3726 1569 3795 torquibus
1588 3727 1655 3795 plan·

321 3816 382 3864 laris
401 3817 511 3865 armillis
530 3815 559 3866 ob
580 3817 717 3886 triumphos
737 3817 797 3870 belli
808 3817 903 3871 Dorici
920 3822 1064 3871 a'l'raiano
1083 3819 1124 3882 (C.
1139 3821 1189 3881 ΙΠ,
1204 3821 1286 3882 6359)
1307 3823 1363 3870 sine
1382 3822 1462 3871 dubio
1481 3823 1568 3885 priore
1587 3821 1655 3869 bello

319 3907 417 3957 Dacico
435 3910 547 3974 gregalis
566 3927 667 3961 merens
685 3913 795 3962 donatus
813 3919 851 3962 est
870 3913 1003 3978 torquibus
1023 3913 1137 3977 phaleris
1160 3913 1277 3974 armillis,
1297 3914 1378 3963 altero
1400 3919 1521 3964 evocatus
1544 3913 1656 3962 donatus

321 4015 416 4050 corona
435 4016 521 4050 aures.

378 4090 402 4152 ²)
422 4093 609 4144 Difficultatem
629 4095 727 4146 iaciunt
746 4096 811 4145 tituli
832 4096 884 4145 duo
904 4097 996 4160 pariles
1020 4097 1049 4147 Ο.
1065 4098 1112 4159 VI,
1134 4099 1196 4147 212.
1212 4097 1273 4159 313,
1303 4113 1366 4162 qnos
1386 4111 1409 4147 a.
1423 4100 1473 4147 181
1493 4097 1577 4162 geniis
1597 4111 1655 4146 cen·

320 4185 443 4233 turiurum
464 4187 572 4236 duarum
592 4188 813 4252 praetorianarum
833 4188 1017 4238 dedicaverunt
1036 4191 1166 4252 centurio,
1187 4190 1245 4240 item
1263 4190 1363 4240 evocati
1380 4196 1404 4238 11
1422 4189 1525 4250 militer,
1545 4203 1656 4253 quornm

319 4277 425 4326 nomina
438 4277 568 4342 adscripta
581 4294 635 4329 esse
650 4280 776 4342 dicuntur,
788 4281 839 4330 iam
854 4295 914 4329 vero
928 4281 1114 4331 desiderantur.
1141 4283 1193 4332 Eos
1202 4283 1365 4332 Bormannus
1386 4281 1404 4330 1.
1414 4297 1437 4332 o.
1451 4297 1479 4346 p.
1490 4280 1544 4330 320
1558 4281 1656 4330 rettulit

319 4367 352 4416 111
371 4369 466 4416 milites
486 4370 529 4433 qui
549 4377 602 4421 tum
622 4373 649 4420 in
668 4387 699 4421 ea
718 4373 834 4422 centuria
853 4380 937 4422 essent
956 4388 1054 4434 omnes,
1074 4375 1151 4438 idque
1170 4373 1270 4439 flagitat
1289 4381 1392 4440 praeter
1412 4373 1490 4422 rerba
1506 4373 1565 4437 ipsa
1577 4372 1656 4421 etiarn

318 4460 379 4507 anni
399 4461 551 4523 imparilitas
571 4461 615 4525 (ci.
634 4462 766 4512 Bormann
787 4464 804 4514 1.
818 4479 841 4513 c.
860 4481 885 4528 p.
902 4463 979 4525 318);
1008 4466 1053 4514 sed
1077 4467 1114 4515 ita
1137 4467 1236 4516 evocati
1261 4480 1362 4531 quoque
1387 4465 1420 4515 ad
1444 4465 1574 4515 centurias
1598 4463 1657 4512 illas

318 4549 481 4613 rediguntur,
510 4553 536 4601 in
556 4553 648 4617 quibus
667 4556 796 4605 numerari
817 4555 868 4604 ism
888 4556 1026 4606 desierant.
1069 4559 1106 4607 At
1125 4563 1210 4622 potest
1228 4558 1379 4622 responderi
1397 4558 1504 4616 milites,
1533 4557 1577 4621 qui
1597 4570 1656 4605 ren·

319 4642 400 4691 turino
420 4644 475 4692 eius
494 4643 557 4693 olim
575 4645 684 4696 fuissent
703 4654 729 4696 et
748 4648 784 4696 ita
803 4661 836 4696 ex
855 4661 887 4696 ea
906 4649 1044 4710 exiissent,
1065 4656 1093 4698 ut
1112 4665 1196 4714 neque
1215 4651 1326 4700 militare
1345 4649 1491 4699 desinerent
1510 4661 1594 4712 neque
1613 4663 1656 4696 nr-

317 4732 375 4782 bem
395 4735 581 4799 relinquerent,
610 4753 664 4788 non
688 4739 798 4789 absurde
822 4740 848 4790 in
868 4755 896 4790 re
916 4755 988 4791 111111
1013 4741 1047 4790 ad
1070 4741 1165 4791 milites
1190 4742 1296 4806 adiungi
1321 4743 1348 4791 in
1372 4741 1462 4792 eadem
1485 4741 1602 4791 centuria
1624 4753 1655 4788 eo

319 4831 434 4890 tempore
453 4835 588 4878 merentes.

376 4916 400 4979 ⁴)
420 4919 488 4969 Nam
502 4920 528 4968 in
542 4921 664 4971 laterculo
675 4922 722 4984 VI,
739 4923 809 4974 2336
830 4925 910 4975 tribus
929 4924 1077 4974 bominibus
1101 4925 1217 4975 evocatio
1240 4925 1371 4990 adscripta
1384 4931 1431 4987 cst,
1451 4923 1568 4974 osticium
1581 4922 1655 4972 nulli.

377 5007 400 5070 ⁵)
420 5011 451 5060 In
470 5012 594 5062 laterculo
614 5013 757 5063 cohortium
777 5015 932 5066 uibanarum
952 5018 1006 5076 VI,
1036 5017 1163 5079 311111,
1187 5019 1198 5066 1
1222 5017 1376 5081 adscriptum
1401 5023 1453 5067 est:
1482 5018 1496 5060 7
1518 5015 1566 5081 leq.
1588 5010 1659 5063 XVI

318 5097 350 5150 F.
363 5101 389 5165 s.
428 5104 596 5169 Adscriptum
610 5106 649 5156 171
657 5143 664 5168 ,
686 5105 754 5156 2381
779 5107 805 5168 (a
819 5108 875 5168 111,
897 5109 923 5170 ⁵2)
949 5125 970 5158 1.
992 5108 1039 5173 119.
1060 5109 1213 5173 significabit
1233 5109 1431 5160 cornicularium
1454 5107 1654 5172 1111111111ιυί-

318 5192 515 5245 111101111111.
