3450 5842
316 479 387 550 656
644 496 890 548 rurvrnncrvu
916 496 1078 546 urnmvu
1105 495 1324 547 nxrnsrvu.

314 681 375 732 tere
399 671 522 744 videtur,
546 689 605 730 non
628 673 685 730 erit
706 673 759 748 qui
782 671 906 748 cogitet)
930 678 959 728 et
981 670 1138 729 confirmat
1158 669 1330 730 laterculus
1358 669 1547 728 caletorum
1568 669 1664 744 pontii·

315 794 381 834 cum
404 785 435 832 et
456 773 607 832 flaminum
631 779 701 832 anni
726 774 783 832 102
808 772 857 848 (C.
869 773 924 846 VI,
941 773 1032 832 2184.
1050 772 1154 849 2185).
1188 773 1270 833 Nam
1295 791 1373 830 cum
1401 778 1535 830 constet
1549 770 1666 830 Priscum

317 896 353 935 eo
376 887 508 952 tempore
537 885 566 932 et
588 875 701 934 vixisse
728 885 757 935 et
783 876 876 934 fuisse
903 877 1090 952 pontificem,
1119 875 1269 934 calatores
1296 883 1413 933 autem
1440 875 1542 932 lectos
1565 891 1668 932 esaeer
1715 887 1716 908 ³

318 978 508 1038 sacerdotum
534 977 666 1048 libertis,
700 979 752 1054 qui
778 979 809 1036 in
836 978 980 1036 laterculo
1007 979 1061 1036 illo
1088 986 1259 1036 recensetur
1289 977 1329 1035 L.
1358 976 1538 1035 Iavolenus
1567 975 1668 1033 Pdoetn

317 1098 438 1140 necesse
466 1087 512 1139 est
534 1080 736 1138 manumissus
760 1082 799 1138 sit
821 1099 839 1137 a
860 1080 933 1138 iuris
957 1088 1078 1138 auctore
1101 1079 1204 1139 Prisco
1232 1091 1262 1136 et
1292 1098 1503 1156 praenomen
1530 1098 1550 1136 a
1572 1079 1669 1136 domino

318 1183 453 1241 traxerit.
496 1181 596 1239 Etiam
624 1182 653 1239 in
676 1181 771 1240 titulis
793 1182 1002 1240 Iavolenorum
1026 1183 1164 1252 urbanis,
1194 1183 1244 1257 qui
1273 1182 1460 1258 compositi
1492 1191 1567 1239 sunt
1587 1179 1668 1250 QVI.

321 1282 581 1354 19663-19668,
611 1302 791 1359 praenomen
812 1283 898 1342 Lucii
921 1293 1036 1360 quater,
1060 1283 1140 1341 aliud
1164 1293 1264 1341 autem
1290 1283 1427 1342 nullum
1453 1285 1620 1360 reperitur;
1641 1285 1670 1340 ri·

317 1387 482 1460 denturque
505 1385 642 1444 homines
665 1385 709 1442 illi
732 1403 835 1444 omnes
859 1387 1008 1460 pertinere
1031 1385 1069 1442 ad
1086 1386 1183 1444 Prisci
1199 1387 1299 1442 nostri
1324 1385 1496 1443 familiam
1515 1385 1595 1443 unici
1609 1385 1670 1442 iuer

318 1496 406 1567 gente
428 1487 581 1563 conspicui
597 1487 662 1544 viri.
697 1489 740 1545 At
762 1489 791 1546 in
813 1489 879 1546 basi
897 1486 1063 1546 Nadinensi
1087 1507 1152 1545 eum
1170 1485 1283 1545 Gaium
1309 1487 1480 1564 appellari
1502 1488 1557 1546 vix
1579 1487 1671 1544 ridetur

318 1607 407 1665 posse
430 1589 459 1646 in
483 1588 605 1647 dubium
623 1590 738 1660 vocari3
760 1589 859 1649 rninus
882 1591 1011 1648 sortasse
1031 1589 1161 1648 offendet
1182 1588 1375 1660 coniectura,
1405 1605 1489 1646 sane
1513 1589 1635 1647 molesta
1650 1599 1671 1645 et

318 1692 395 1769 ipsa,
418 1689 476 1749 duo
492 1691 688 1766 praenomina
703 1691 839 1750 Priscum
857 1692 998 1750 habuisse
1014 1710 1173 1767 eorumque
1188 1690 1321 1748 alterum
1342 1691 1378 1748 in
1397 1691 1475 1748 basi
1500 1690 1556 1749 iila
1577 1703 1671 1766 praeta-

319 1794 408 1852 ritum
429 1810 505 1850 esse.
543 1791 730 1850 Honoratum
747 1792 860 1851 Nadini
876 1795 1034 1868 quominus
1050 1802 1216 1851 statuamus
1231 1792 1362 1850 differre
1391 1794 1436 1850 ab
1455 1801 1584 1850 auctore
1604 1793 1671 1862 iuris.

320 1897 442 1953 obstant
465 1904 525 1952 tres
548 1895 740 1970 magistratus
764 1894 944 1954 Germaniae
967 1893 1073 1972 Syriae
1097 1895 1226 1966 Africae,
1254 1911 1339 1969 quos
1367 1905 1403 1952 et
1429 1896 1511 1952 iuris
1537 1905 1669 1952 auctorem

322 1997 456 2072 gessisse
479 1997 615 2055 novimus
642 2005 671 2053 et
693 1997 777 2056 basis
799 1997 941 2055 enuntiat.

364 2098 527 2156 Praeterea
549 2117 616 2156 cum
642 2098 702 2156 iam
726 2107 843 2158 constet
865 2099 1002 2157 Priscum
1028 2099 1145 2156 iuridici
1172 2097 1273 2157 officio
1303 2099 1455 2157 functum
1485 2115 1559 2157 esse
1585 2098 1670 2175 primis

323 2199 409 2258 annis
424 2199 496 2276 imp.
509 2200 687 2272 Domitiani,
710 2201 912 2274 confirmatur,
934 2200 1015 2277 quod
1031 2201 1102 2260 alibi
1118 2201 1236 2260 defendi
1260 2201 1373 2276 (huius
1392 2201 1481 2276 Eph.
1495 2201 1544 2258 IV
1559 2222 1588 2278 p.
1603 2200 1670 2273 ⁶225).

323 2301 464 2360 iuridicos
487 2303 643 2361 institutos
666 2321 734 2361 esse
757 2322 815 2361 non
838 2305 875 2362 ab
898 2303 1062 2374 Hadriano,
1086 2304 1138 2361 sed
1161 2303 1198 2361 ab
1221 2303 1289 2379 ipso
1315 2304 1488 2380 Augusto.

368 2404 414 2462 De
436 2405 609 2463 consulibus
633 2405 783 2464 sufficiunt
805 2424 882 2480 quac
899 2405 1047 2483 disputavi
1070 2423 1161 2482 supra
1183 2425 1210 2480 p.
1229 2405 1288 2462 616
1314 2405 1442 2462 latente
1463 2406 1619 2464 etiamtum
1640 2417 1671 2460 ta·

323 2507 404 2566 bella
426 2508 538 2582 priore3
565 2508 623 2566 hoc
645 2508 742 2566 solum
767 2507 933 2565 addendum
956 2518 1002 2567 est
1024 2509 1093 2565 anni
1116 2507 1155 2565 90
1178 2508 1323 2565 suffectos
1347 2509 1437 2565 aiios
1464 2508 1568 2566 adhuc
1589 2507 1670 2566 nullos

326 2609 501 2668 innotuisse.

367 2710 468 2768 Locus
492 2711 571 2769 fixae
593 2712 669 2789 legis
691 2712 717 2771 is
733 2721 788 2783 est,
811 2730 897 2786 quem
914 2712 1011 2770 adhuc
1027 2729 1167 2770 ncramus
1182 2712 1324 2786 usurpari
1342 2721 1499 2790 coeptum
1519 2732 1589 2772 esse
1609 2714 1670 2770 inter

325 2833 351 2871 a.
370 2813 407 2872 86
431 2821 460 2870 et
483 2812 520 2872 93
545 2823 574 2871 et
595 2813 736 2888 deinceps
759 2815 916 2873 mansisse.
961 2815 1023 2872 iam
1045 2815 1102 2872 hac
1123 2815 1188 2890 lege
1215 2813 1339 2890 prolata
1362 2816 1528 2874 restrictis
1552 2816 1670 2873 terminis

325 2915 386 2972 iilis
409 2915 595 2992 intellegitur
617 2934 681 2973 eam
704 2917 948 2975 cousuetudinem
971 2916 1069 2992 legum
1091 2915 1266 2974 decivitate
1288 2915 1496 2992 figendorum
1521 2919 1561 2976 ad
1577 2919 1670 2975 Miner·

327 3035 394 3076 vam
417 3017 553 3095 coepisse
574 3019 651 3076 inter
673 3037 699 3077 a.
716 3018 755 3078 86
778 3027 807 3076 et
830 3017 878 3076 90.

1322 3173 1386 3234 Tu.
1415 3177 1599 3238 Mouussa.
