3526 5834
538 1877 998 1990 ADDITAMllNTA

444 2100 520 2181 An
557 2099 816 2183 cosumus
846 2101 964 2183 von.
986 2100 1088 2182 vur.

141 2503 260 2581 Corpus
282 2504 510 2581 inscriptionum
524 2503 701 2563 Latinarum
718 2504 927 2563 Africanarum
951 2504 1003 2563 vix
1025 2513 1090 2563 erat
1110 2503 1232 2577 editum,
1256 2521 1322 2561 oum
1338 2502 1435 2561 denuo

91 2615 184 2666 tanta
206 2607 359 2666 titulorum
382 2625 485 2666 reeens
507 2614 691 2683 repertorum
714 2606 801 2682 copia
822 2607 958 2680 emersit,
988 2614 1022 2665 ut
1043 2608 1183 2665 continuo
1205 2607 1257 2683 qui
1284 2607 1339 2664 toti
1365 2605 1436 2664 huic

93 2710 182 2786 operi
199 2720 352 2785 praesunt,
375 2709 591 2786 supplementis
607 2709 770 2768 condendis
786 2709 957 2785 prospicere
973 2708 1122 2768 deberent.
1157 2709 1237 2769 Nem
1253 2727 1319 2766 cnm
1331 2707 1437 2766 Africa

1 2831 2 2834 ’
94 2813 237 2870 Romana
259 2811 445 2887 antiquitatis
469 2812 668 2870 monumentis
691 2811 822 2888 reliquas
851 2829 927 2886 quae
955 2812 1025 2870 olim
1055 2821 1141 2869 erant
1169 2810 1286 2885 imperii
1308 2809 1437 2868 Romani

95 2915 270 2989 provincias
292 2931 415 2970 numero
439 2922 518 2973 certe
541 2921 671 2990 superat,
694 2923 756 2972 tum
771 2913 900 2972 Tunisla
919 2914 950 2971 in
973 2913 1238 2990 Francogallorum
1258 2920 1436 2988 potestatem

96 3015 221 3073 redacta
242 3015 343 3074 titulos
366 3015 552 3074 describendi
575 3025 664 3092 atque
679 3015 879 3092 investigandi
894 3016 1045 3074 contentio
1061 3035 1170 3075 novum
1187 3014 1266 3091 cepit
1283 3015 1435 3092 impetum.

97 3116 250 3176 Nimirum
275 3136 365 3194 quam
388 3127 496 3176 terram
520 3119 548 3175 ri
575 3127 605 3176 et
631 3117 722 3175 armis
750 3118 808 3177 sibi
836 3117 1038 3192 subiecerant,
1066 3137 1131 3176 eam
1161 3117 1250 3175 etiam
1278 3117 1438 3193 explorare

99 3230 189 3295 atque
211 3237 390 3296 cognoscere
418 3227 447 3277 et
469 3239 546 3296 quae
569 3221 610 3279 lbi
633 3219 729 3278 adhuc
750 3219 885 3278 latebant
906 3229 1098 3279 monumenta
1119 3219 1157 3278 ad
1179 3219 1296 3278 litteras
1319 3236 1437 3294 promo-

99 3321 213 3379 vendas
236 3322 343 3380 idonea
364 3321 541 3398 protrahere
562 3330 592 3380 et
614 3323 645 3379 ln
667 3321 818 3397 publicum
842 3322 929 3381 edere
946 3341 1032 3381 suum
1048 3321 1206 3398 praecipue
1221 3321 1353 3379 officium
1370 3337 1436 3378 esse

97 3423 291 3499 Francogalli
315 3424 406 3499 probe
429 3431 656 3500 perspexerunt.
690 3421 814 3482 Utinam
830 3424 869 3482 ad
885 3423 1007 3484 Africae
1022 3433 1214 3484 monumenta
1229 3425 1352 3499 antiqua
1368 3442 1436 3481 con-

99 3525 250 3583 servanda
271 3535 301 3584 et
322 3525 359 3583 ab
381 3525 502 3584 interitu
526 3525 705 3585 vindicanda
726 3526 849 3584 eandem
871 3545 972 3585 curam
995 3525 1222 3604 impendendam
1253 3544 1321 3585 esse
1348 3525 1437 3583 iidem

99 3627 157 3684 sibi
182 3627 414 3703 persuaderent!
440 3664 477 3673 —
502 3625 681 3704 Complures
703 3613 794 3703 igitur
815 3628 873 3686 viri
896 3629 974 3686 docti
998 3638 1050 3686 aut
1071 3647 1126 3688 sua
1149 3637 1266 3706 sponte,
1290 3638 1322 3687 ut
1344 3625 1437 3686 Caro·

97 3729 147 3786 lus
169 3727 290 3802 Tissot,
318 3749 407 3806 quem
429 3749 522 3806 nuper
544 3730 625 3787 hisce
650 3729 756 3788 studiis
780 3749 983 3808 praepropero
1005 3731 1068 3790 fato
1090 3739 1226 3806 ereptum
1248 3737 1278 3789 et
1300 3731 1381 3789 cives
1409 3739 1439 3787 et

98 3831 195 3888 exteri
217 3831 306 3890 hodie
329 3831 444 3907 lugent,
473 3841 526 3889 aut
547 3832 585 3889 ab
607 3831 651 3890 eis
679 3831 778 3904 missi,
806 3833 858 3906 qui
884 3833 991 3891 artium
1019 3833 1186 3891 liberalium
1214 3831 1438 3908 litterarumque

98 3934 283 3991 incremento
311 3933 340 3990 iu
372 3931 472 3992 Gallia
500 3937 596 4011 primo
627 3933 695 3991 loco
729 3934 902 4006 consulunt,
936 3935 966 3992 in
994 3935 1042 3993 bis
1068 3933 1105 3992 R.
1137 3933 1267 4012 Oagnat,
1298 3933 1438 4006 Letaille,

97 4034 131 4091 J.
150 4033 301 4107 Poinssot,
325 4032 357 4094 S.
373 4035 518 4109 Reinach,
540 4036 648 4094 itinere
670 4035 863 4112 epigraphica
884 4037 1052 4114 pervarias
1070 4037 1155 4114 regui
1171 4035 1321 4094 Tunetani
1337 4045 1438 4110 partes

97 4137 240 4212 deinceps
262 4147 458 4212 susceperunt
485 4145 515 4194 et
541 4155 644 4195 omues
672 4137 850 4196 ineditorum
878 4138 1029 4197 titulorum
1057 4139 1159 4215 copias
1187 4138 1315 4196 maiores
1343 4139 1438 4197 mino·

96 4257 187 4296 resve
214 4247 451 4315 reportaverunt.
500 4239 536 4297 In
564 4240 631 4316 ipso
657 4246 756 4297 autem
783 4259 875 4317 regno
898 4240 1055 4298 Tunetunc
1077 4239 1214 4299 Delattre
1242 4241 1382 4299 stationis
1406 4238 1438 4300 S.

95 4340 246 4399 Lndovici
269 4341 395 4400 antistes
418 4359 484 4400 cum
507 4341 574 4400 aliis
597 4341 843 4417 inscriptionibus
859 4343 977 4401 aliunde
997 4343 1103 4401 adlatis
1119 4361 1266 4413 museum,
1289 4344 1335 4400 cui
1352 4361 1439 4418 prae·

97 4449 156 4513 est,
179 4443 274 4516 anxit,
297 4452 358 4501 tum
381 4445 512 4502 maxime
534 4443 650 4502 duobus
669 4443 802 4502 familiae
818 4445 1026 4520 imperatoriae
1041 4445 1217 4522 sepulcretis
1233 4445 1263 4502 in
1279 4463 1352 4521 agro
1365 4443 1440 4504 Car-

97 4544 282 4620 thaginiensi
305 4545 426 4604 effossis
450 4547 486 4604 de
508 4565 541 4604 re
563 4546 755 4623 epigrapbica
777 4546 888 4623 optime
911 4549 1025 4606 meruit.
1067 4546 1175 4622 Neque
1197 4547 1296 4605 minus
1319 4548 1350 4605 in
1372 4565 1440 4624 pro·

97 4647 201 4704 vincia
215 4645 386 4723 Algeriensi
408 4648 604 4724 complurium
628 4647 816 4724 antiquorum
834 4649 1012 4726 oppidorum
1028 4650 1190 4726 parietinae
1206 4669 1258 4726 per
1273 4650 1329 4708 bos
1345 4667 1439 4708 annos

96 4749 321 4826 pervestigatae
344 4767 483 4827 magnam
505 4749 637 4828 lapidum
657 4751 868 4827 inscriptorum
885 4753 1000 4827 copiam
1017 4753 1189 4810 attulerunt.
1227 4752 1290 4810 lam
1307 4769 1376 4810 vero
1392 4769 1439 4822 eo,

97 4851 152 4927 qui
175 4852 310 4928 corporis
333 4852 526 4912 fundamenta
551 4853 648 4928 longis
670 4855 866 4928 molestiaque
888 4854 1044 4913 itineribus
1067 4837 1274 4931 congesserat,
1305 4853 1440 4914 Gustavo

99 4951 274 5012 Wilmanns
296 4961 398 5030 erepto
420 4962 515 5013 morte
539 4962 598 5013 tam
622 4965 824 5030 praematura,
847 4964 880 5013 ut
902 4976 938 5013 ne
960 4957 1057 5033 ipsum
1081 4958 1200 5033 quidem
1220 4956 1294 5015 illud
1310 4973 1386 5033 opus
1402 4955 1441 5012 ad

99 5055 191 5113 linem
214 5055 378 5132 perducere
400 5058 543 5132 potuerit,
574 5058 773 5135 supplementi
796 5057 971 5116 conficiendi
996 5078 1068 5117 cura
1096 5060 1167 5118 mihi
1194 5058 1356 5118 commissa
1385 5065 1441 5115 est.

99 5157 210 5232 Itaque
234 5157 331 5216 biems
353 5159 493 5235 proxima
515 5158 700 5235 (a1882l3)
724 5161 754 5218 in
776 5160 909 5218 Africam
933 5162 1083 5236 profectus
1113 5182 1131 5219 a
1153 5161 1270 5220 Tunete
1297 5161 1335 5216 ad
1359 5157 1442 5217 Oran

102 5260 249 5334 oppidum
278 5262 457 5320 continentis
489 5263 553 5320 eius
580 5263 717 5337 regiones
744 5263 1008 5337 septentrionales,
1045 5263 1145 5339 quoad
1172 5273 1289 5340 tempus
1316 5259 1443 5333 suffecit,

188 5377 225 5436 V.
1180 5385 1213 5440 18
