<?xml version="1.0" encoding="UTF-8"?>
<!DOCTYPE html PUBLIC "-//W3C//DTD XHTML 1.0 Transitional//EN"
    "http://www.w3.org/TR/xhtml1/DTD/xhtml1-transitional.dtd">
<html xmlns="http://www.w3.org/1999/xhtml" xml:lang="en" lang="en">
 <head>
  <title>
</title>
<meta http-equiv="Content-Type" content="text/html;charset=utf-8" />
  <meta name='ocr-system' content='tesseract 3.04.00' />
  <meta name='ocr-capabilities' content='ocr_page ocr_carea ocr_par ocr_line ocrx_word'/>
</head>
<body>
  <div class='ocr_page' id='page_1' title='image "./ephemerisepigra03henzgoog/ephemerisepigra03henzgoog_0655.png"; bbox 0 0 3450 5842; ppageno 0'>
   <div class='ocr_carea' id='block_1_1' title="bbox 431 531 1403 602">
    <p class='ocr_par' dir='ltr' id='par_1_1' title="bbox 431 531 1403 602">
     <span class='ocr_line' id='line_1_1' title="bbox 431 531 1403 602; baseline 0 -2"><span class='ocrx_word' id='word_1_1' title='bbox 431 547 734 602; x_wconf 73' lang='lat' dir='ltr'>ousnnvnnronus</span> <span class='ocrx_word' id='word_1_2' title='bbox 762 551 1045 602; x_wconf 75' lang='lat' dir='ltr'>nr1cunrnrcnn.</span> <span class='ocrx_word' id='word_1_3' title='bbox 1333 531 1403 600; x_wconf 83' lang='grc'>627</span> 
     </span>
    </p>
   </div>
   <div class='ocr_carea' id='block_1_2' title="bbox 69 721 1411 3250">
    <p class='ocr_par' dir='ltr' id='par_1_2' title="bbox 69 721 1407 1312">
     <span class='ocr_line' id='line_1_2' title="bbox 69 721 1405 804; baseline -0.002 -19"><span class='ocrx_word' id='word_1_4' title='bbox 69 745 127 786; x_wconf 90' lang='lat' dir='ltr'>nee</span> <span class='ocrx_word' id='word_1_5' title='bbox 150 743 247 782; x_wconf 89' lang='lat' dir='ltr'>rerum</span> <span class='ocrx_word' id='word_1_6' title='bbox 270 721 343 781; x_wconf 89' lang='lat' dir='ltr'>ordo</span> <span class='ocrx_word' id='word_1_7' title='bbox 365 722 417 798; x_wconf 92' lang='lat' dir='ltr'>qui</span> <span class='ocrx_word' id='word_1_8' title='bbox 440 731 502 782; x_wconf 90' lang='lat' dir='ltr'>tum</span> <span class='ocrx_word' id='word_1_9' title='bbox 524 723 581 782; x_wconf 87' lang='lat' dir='ltr'>fnit</span> <span class='ocrx_word' id='word_1_10' title='bbox 602 730 681 782; x_wconf 87' lang='lat' dir='ltr'>reete</span> <span class='ocrx_word' id='word_1_11' title='bbox 702 723 827 800; x_wconf 88' lang='lat' dir='ltr'>patitur,</span> <span class='ocrx_word' id='word_1_12' title='bbox 856 732 889 782; x_wconf 91' lang='lat' dir='ltr'>nt</span> <span class='ocrx_word' id='word_1_13' title='bbox 910 724 1071 802; x_wconf 77' lang='lat' dir='ltr'><strong>dignitates</strong></span> <span class='ocrx_word' id='word_1_14' title='bbox 1092 724 1161 783; x_wconf 87' lang='lat' dir='ltr'>illae</span> <span class='ocrx_word' id='word_1_15' title='bbox 1183 741 1275 802; x_wconf 89' lang='lat' dir='ltr'>snpra</span> <span class='ocrx_word' id='word_1_16' title='bbox 1296 725 1405 804; x_wconf 87' lang='lat' dir='ltr'>magis·</span> 
     </span>
     <span class='ocr_line' id='line_1_3' title="bbox 70 826 1407 905; baseline -0.001 -18"><span class='ocrx_word' id='word_1_17' title='bbox 70 837 151 887; x_wconf 89' lang='lat' dir='ltr'>trum</span> <span class='ocrx_word' id='word_1_18' title='bbox 174 826 341 884; x_wconf 80' lang='lat' dir='ltr'>officiorum</span> <span class='ocrx_word' id='word_1_19' title='bbox 365 826 527 885; x_wconf 82' lang='lat' dir='ltr'>eminentes</span> <span class='ocrx_word' id='word_1_20' title='bbox 549 834 638 900; x_wconf 89' lang='lat' dir='ltr'>eaput</span> <span class='ocrx_word' id='word_1_21' title='bbox 660 826 753 885; x_wconf 89' lang='lat' dir='ltr'>oflicii</span> <span class='ocrx_word' id='word_1_22' title='bbox 776 826 813 886; x_wconf 91' lang='lat' dir='ltr'>ab</span> <span class='ocrx_word' id='word_1_23' title='bbox 837 827 894 886; x_wconf 92' lang='lat' dir='ltr'>hoc</span> <span class='ocrx_word' id='word_1_24' title='bbox 915 826 1091 902; x_wconf 88' lang='lat' dir='ltr'>acceperint.</span> <span class='ocrx_word' id='word_1_25' title='bbox 1129 827 1237 904; x_wconf 88' lang='lat' dir='ltr'>Itaque</span> <span class='ocrx_word' id='word_1_26' title='bbox 1259 834 1407 905; x_wconf 85' lang='lat' dir='ltr'>quatenus</span> 
     </span>
     <span class='ocr_line' id='line_1_4' title="bbox 71 927 1407 1006; baseline -0.001 -16"><span class='ocrx_word' id='word_1_27' title='bbox 71 927 235 990; x_wconf 86' lang='lat' dir='ltr'>seeundum</span> <span class='ocrx_word' id='word_1_28' title='bbox 265 927 362 1004; x_wconf 87' lang='lat' dir='ltr'>legum</span> <span class='ocrx_word' id='word_1_29' title='bbox 391 936 524 986; x_wconf 90' lang='lat' dir='ltr'>tenorem</span> <span class='ocrx_word' id='word_1_30' title='bbox 553 929 694 1004; x_wconf 89' lang='lat' dir='ltr'>princeps</span> <span class='ocrx_word' id='word_1_31' title='bbox 723 929 914 988; x_wconf 84' lang='lat' dir='ltr'>constituitur</span> <span class='ocrx_word' id='word_1_32' title='bbox 947 928 1030 1004; x_wconf 88' lang='lat' dir='ltr'>(nam</span> <span class='ocrx_word' id='word_1_33' title='bbox 1058 929 1407 1006; x_wconf 63' lang='lat' dir='ltr'>delinitis.singulorum</span> 
     </span>
     <span class='ocr_line' id='line_1_5' title="bbox 71 1029 1406 1107; baseline 0 -17"><span class='ocrx_word' id='word_1_34' title='bbox 71 1032 240 1090; x_wconf 84' lang='lat' dir='ltr'>officiorum</span> <span class='ocrx_word' id='word_1_35' title='bbox 268 1030 368 1102; x_wconf 89' lang='lat' dir='ltr'>annis,</span> <span class='ocrx_word' id='word_1_36' title='bbox 402 1029 524 1088; x_wconf 89' lang='lat' dir='ltr'>definito</span> <span class='ocrx_word' id='word_1_37' title='bbox 551 1031 621 1088; x_wconf 90' lang='lat' dir='ltr'>item</span> <span class='ocrx_word' id='word_1_38' title='bbox 648 1031 751 1089; x_wconf 86' lang='lat' dir='ltr'>ordine</span> <span class='ocrx_word' id='word_1_39' title='bbox 778 1031 923 1090; x_wconf 83' lang='lat' dir='ltr'>officiales</span> <span class='ocrx_word' id='word_1_40' title='bbox 952 1051 1021 1090; x_wconf 90' lang='lat' dir='ltr'>vere</span> <span class='ocrx_word' id='word_1_41' title='bbox 1050 1031 1160 1090; x_wconf 87' lang='lat' dir='ltr'>fiebant</span> <span class='ocrx_word' id='word_1_42' title='bbox 1192 1031 1288 1107; x_wconf 87' lang='lat' dir='ltr'>magis</span> <span class='ocrx_word' id='word_1_43' title='bbox 1316 1049 1406 1106; x_wconf 89' lang='lat' dir='ltr'>qnam</span> 
     </span>
     <span class='ocr_line' id='line_1_6' title="bbox 71 1131 1407 1211; baseline -0.001 -19"><span class='ocrx_word' id='word_1_44' title='bbox 71 1133 275 1209; x_wconf 89' lang='lat' dir='ltr'>creabantur),</span> <span class='ocrx_word' id='word_1_45' title='bbox 298 1132 327 1190; x_wconf 90' lang='lat' dir='ltr'>in</span> <span class='ocrx_word' id='word_1_46' title='bbox 350 1131 431 1190; x_wconf 91' lang='lat' dir='ltr'>bisce</span> <span class='ocrx_word' id='word_1_47' title='bbox 453 1132 560 1191; x_wconf 86' lang='lat' dir='ltr'>ciliciis</span> <span class='ocrx_word' id='word_1_48' title='bbox 583 1133 759 1192; x_wconf 85' lang='lat' dir='ltr'>constitutus</span> <span class='ocrx_word' id='word_1_49' title='bbox 783 1133 823 1192; x_wconf 91' lang='lat' dir='ltr'>sit</span> <span class='ocrx_word' id='word_1_50' title='bbox 845 1151 964 1194; x_wconf 88' lang='lat' dir='ltr'>necesse</span> <span class='ocrx_word' id='word_1_51' title='bbox 986 1140 1032 1194; x_wconf 84' lang='lat' dir='ltr'>est</span> <span class='ocrx_word' id='word_1_52' title='bbox 1054 1153 1072 1190; x_wconf 88' lang='lat' dir='ltr'>a</span> <span class='ocrx_word' id='word_1_53' title='bbox 1094 1135 1269 1211; x_wconf 88' lang='lat' dir='ltr'>magistratu</span> <span class='ocrx_word' id='word_1_54' title='bbox 1290 1133 1337 1192; x_wconf 91' lang='lat' dir='ltr'>cui</span> <span class='ocrx_word' id='word_1_55' title='bbox 1355 1152 1407 1209; x_wconf 93' lang='lat' dir='ltr'>ap·</span> 
     </span>
     <span class='ocr_line' id='line_1_7' title="bbox 71 1237 207 1312; baseline -0.015 -18"><span class='ocrx_word' id='word_1_56' title='bbox 71 1237 207 1312; x_wconf 89' lang='lat' dir='ltr'>parebat.</span> 
     </span>
    </p>

    <p class='ocr_par' dir='ltr' id='par_1_3' title="bbox 69 1336 1411 3250">
     <span class='ocr_line' id='line_1_8' title="bbox 115 1336 1409 1415; baseline 0 -19"><span class='ocrx_word' id='word_1_57' title='bbox 115 1337 272 1412; x_wconf 85' lang='lat' dir='ltr'>Principes</span> <span class='ocrx_word' id='word_1_58' title='bbox 301 1336 433 1414; x_wconf 86' lang='lat' dir='ltr'>reliques</span> <span class='ocrx_word' id='word_1_59' title='bbox 466 1338 625 1413; x_wconf 88' lang='lat' dir='ltr'>quominus</span> <span class='ocrx_word' id='word_1_60' title='bbox 652 1339 844 1396; x_wconf 84' lang='lat' dir='ltr'>constitueret</span> <span class='ocrx_word' id='word_1_61' title='bbox 871 1339 1012 1415; x_wconf 89' lang='lat' dir='ltr'>magister</span> <span class='ocrx_word' id='word_1_62' title='bbox 1043 1337 1207 1396; x_wconf 85' lang='lat' dir='ltr'>officiorum</span> <span class='ocrx_word' id='word_1_63' title='bbox 1241 1357 1279 1394; x_wconf 86' lang='lat' dir='ltr'>ex</span> <span class='ocrx_word' id='word_1_64' title='bbox 1306 1338 1409 1396; x_wconf 90' lang='lat' dir='ltr'>schola</span> 
     </span>
     <span class='ocr_line' id='line_1_9' title="bbox 71 1439 1410 1517; baseline -0.002 -16"><span class='ocrx_word' id='word_1_65' title='bbox 71 1441 131 1502; x_wconf 88' lang='lat' dir='ltr'>sibi</span> <span class='ocrx_word' id='word_1_66' title='bbox 153 1439 270 1498; x_wconf 90' lang='lat' dir='ltr'>subdita</span> <span class='ocrx_word' id='word_1_67' title='bbox 292 1439 440 1515; x_wconf 84' lang='lat' dir='ltr'>agentium</span> <span class='ocrx_word' id='word_1_68' title='bbox 464 1440 494 1496; x_wconf 92' lang='lat' dir='ltr'>in</span> <span class='ocrx_word' id='word_1_69' title='bbox 519 1441 620 1511; x_wconf 88' lang='lat' dir='ltr'>rebus,</span> <span class='ocrx_word' id='word_1_70' title='bbox 643 1439 773 1516; x_wconf 89' lang='lat' dir='ltr'>dignitas</span> <span class='ocrx_word' id='word_1_71' title='bbox 793 1459 852 1498; x_wconf 91' lang='lat' dir='ltr'>non</span> <span class='ocrx_word' id='word_1_72' title='bbox 874 1441 1065 1516; x_wconf 87' lang='lat' dir='ltr'>impediebat,</span> <span class='ocrx_word' id='word_1_73' title='bbox 1088 1460 1153 1498; x_wconf 90' lang='lat' dir='ltr'>cum</span> <span class='ocrx_word' id='word_1_74' title='bbox 1169 1440 1303 1517; x_wconf 86' lang='lat' dir='ltr'>exceptis</span> <span class='ocrx_word' id='word_1_75' title='bbox 1319 1458 1410 1516; x_wconf 89' lang='lat' dir='ltr'>snpra</span> 
     </span>
     <span class='ocr_line' id='line_1_10' title="bbox 72 1541 1408 1618; baseline -0.001 -18"><span class='ocrx_word' id='word_1_76' title='bbox 72 1541 163 1602; x_wconf 87' lang='lat' dir='ltr'>dictis</span> <span class='ocrx_word' id='word_1_77' title='bbox 196 1541 388 1618; x_wconf 82' lang='lat' dir='ltr'>magistratus</span> <span class='ocrx_word' id='word_1_78' title='bbox 428 1559 531 1599; x_wconf 87' lang='lat' dir='ltr'>omncs</span> <span class='ocrx_word' id='word_1_79' title='bbox 564 1542 629 1618; x_wconf 91' lang='lat' dir='ltr'>ipse</span> <span class='ocrx_word' id='word_1_80' title='bbox 662 1543 862 1618; x_wconf 84' lang='lat' dir='ltr'>praecederet.</span> <span class='ocrx_word' id='word_1_81' title='bbox 920 1543 1039 1602; x_wconf 80' lang='lat' dir='ltr'>Pavent</span> <span class='ocrx_word' id='word_1_82' title='bbox 1067 1542 1136 1600; x_wconf 89' lang='lat' dir='ltr'>item</span> <span class='ocrx_word' id='word_1_83' title='bbox 1165 1543 1192 1599; x_wconf 89' lang='lat' dir='ltr'>ci</span> <span class='ocrx_word' id='word_1_84' title='bbox 1223 1543 1408 1600; x_wconf 88' lang='lat' dir='ltr'>coniecturae</span> 
     </span>
     <span class='ocr_line' id='line_1_11' title="bbox 71 1643 1409 1721; baseline -0.002 -18"><span class='ocrx_word' id='word_1_85' title='bbox 71 1644 315 1716; x_wconf 84' lang='lat' dir='ltr'>constitutiones,</span> <span class='ocrx_word' id='word_1_86' title='bbox 339 1643 516 1719; x_wconf 89' lang='lat' dir='ltr'>ubicumque</span> <span class='ocrx_word' id='word_1_87' title='bbox 540 1644 685 1702; x_wconf 88' lang='lat' dir='ltr'>eiusmodi</span> <span class='ocrx_word' id='word_1_88' title='bbox 708 1645 875 1721; x_wconf 89' lang='lat' dir='ltr'>principum</span> <span class='ocrx_word' id='word_1_89' title='bbox 898 1644 1042 1721; x_wconf 82' lang='lat' dir='ltr'>originem</span> <span class='ocrx_word' id='word_1_90' title='bbox 1069 1653 1310 1715; x_wconf 87' lang='lat' dir='ltr'>commemorant,</span> <span class='ocrx_word' id='word_1_91' title='bbox 1332 1645 1409 1701; x_wconf 89' lang='lat' dir='ltr'>hanc</span> 
     </span>
     <span class='ocr_line' id='line_1_12' title="bbox 69 1743 1408 1824; baseline -0.002 -18"><span class='ocrx_word' id='word_1_92' title='bbox 69 1748 170 1822; x_wconf 89' lang='lat' dir='ltr'>ipsam</span> <span class='ocrx_word' id='word_1_93' title='bbox 193 1746 384 1804; x_wconf 89' lang='lat' dir='ltr'>enuntiantes</span> <span class='ocrx_word' id='word_1_94' title='bbox 395 1744 432 1821; x_wconf 91' lang='lat'>¹).</span> <span class='ocrx_word' id='word_1_95' title='bbox 490 1745 630 1821; x_wconf 88' lang='lat' dir='ltr'>Denique</span> <span class='ocrx_word' id='word_1_96' title='bbox 655 1743 770 1804; x_wconf 87' lang='lat' dir='ltr'>Notitia</span> <span class='ocrx_word' id='word_1_97' title='bbox 796 1745 982 1822; x_wconf 79' lang='lat' dir='ltr'>Dignitatem</span> <span class='ocrx_word' id='word_1_98' title='bbox 1012 1748 1124 1822; x_wconf 90' lang='lat' dir='ltr'>passim</span> <span class='ocrx_word' id='word_1_99' title='bbox 1155 1747 1305 1824; x_wconf 87' lang='lat' dir='ltr'>significat</span> <span class='ocrx_word' id='word_1_100' title='bbox 1328 1747 1408 1824; x_wconf 90' lang='lat' dir='ltr'>prin-</span> 
     </span>
     <span class='ocr_line' id='line_1_13' title="bbox 70 1831 1410 1925; baseline -0.001 -18"><span class='ocrx_word' id='word_1_101' title='bbox 70 1849 168 1925; x_wconf 89' lang='lat' dir='ltr'>cipem</span> <span class='ocrx_word' id='word_1_102' title='bbox 191 1849 269 1906; x_wconf 89' lang='lat' dir='ltr'>sumi</span> <span class='ocrx_word' id='word_1_103' title='bbox 292 1849 326 1906; x_wconf 83' lang='lat' dir='ltr'>ds</span> <span class='ocrx_word' id='word_1_104' title='bbox 348 1847 445 1906; x_wconf 83' lang='lat' dir='ltr'>ecbola</span> <span class='ocrx_word' id='word_1_105' title='bbox 467 1851 608 1923; x_wconf 77' lang='lat' dir='ltr'>aperti-am</span> <span class='ocrx_word' id='word_1_106' title='bbox 628 1852 659 1904; x_wconf 84' lang='lat' dir='ltr'>iu</span> <span class='ocrx_word' id='word_1_107' title='bbox 680 1849 763 1906; x_wconf 87' lang='lat' dir='ltr'>rebus</span> <span class='ocrx_word' id='word_1_108' title='bbox 790 1831 907 1906; x_wconf 88' lang='lat' dir='ltr'>etcum</span> <span class='ocrx_word' id='word_1_109' title='bbox 934 1849 972 1906; x_wconf 92' lang='lat' dir='ltr'>ad</span> <span class='ocrx_word' id='word_1_110' title='bbox 999 1848 1129 1924; x_wconf 90' lang='lat' dir='ltr'>reliquos</span> <span class='ocrx_word' id='word_1_111' title='bbox 1156 1849 1301 1908; x_wconf 80' lang='lat' dir='ltr'>officiales</span> <span class='ocrx_word' id='word_1_112' title='bbox 1327 1848 1410 1908; x_wconf 89' lang='lat' dir='ltr'>nulla</span> 
     </span>
     <span class='ocr_line' id='line_1_14' title="bbox 72 1944 1409 2028; baseline -0.001 -18"><span class='ocrx_word' id='word_1_113' title='bbox 72 1950 182 2010; x_wconf 89' lang='lat' dir='ltr'>similis</span> <span class='ocrx_word' id='word_1_114' title='bbox 197 1944 268 2008; x_wconf 84' lang='lat' dir='ltr'>nota</span> <span class='ocrx_word' id='word_1_115' title='bbox 283 1967 408 2026; x_wconf 87' lang='lat' dir='ltr'>usquam</span> <span class='ocrx_word' id='word_1_116' title='bbox 424 1949 574 2026; x_wconf 86' lang='lat' dir='ltr'>adscripta</span> <span class='ocrx_word' id='word_1_117' title='bbox 589 1950 764 2026; x_wconf 88' lang='lat' dir='ltr'>reperiatur,</span> <span class='ocrx_word' id='word_1_118' title='bbox 787 1969 851 2008; x_wconf 87' lang='lat' dir='ltr'>eam</span> <span class='ocrx_word' id='word_1_119' title='bbox 867 1950 1043 2010; x_wconf 85' lang='lat' dir='ltr'>electionem</span> <span class='ocrx_word' id='word_1_120' title='bbox 1058 1951 1242 2028; x_wconf 89' lang='lat' dir='ltr'>principibus</span> <span class='ocrx_word' id='word_1_121' title='bbox 1256 1952 1409 2028; x_wconf 89' lang='lat' dir='ltr'>propriam</span> 
     </span>
     <span class='ocr_line' id='line_1_15' title="bbox 72 2051 1410 2128; baseline -0.001 -17"><span class='ocrx_word' id='word_1_122' title='bbox 72 2069 156 2124; x_wconf 90' lang='lat' dir='ltr'>esse,</span> <span class='ocrx_word' id='word_1_123' title='bbox 183 2051 313 2128; x_wconf 89' lang='lat' dir='ltr'>reliquos</span> <span class='ocrx_word' id='word_1_124' title='bbox 337 2051 484 2110; x_wconf 87' lang='lat' dir='ltr'>officiales</span> <span class='ocrx_word' id='word_1_125' title='bbox 506 2071 545 2110; x_wconf 88' lang='lat' dir='ltr'>ex</span> <span class='ocrx_word' id='word_1_126' title='bbox 567 2051 633 2127; x_wconf 87' lang='lat' dir='ltr'>ipso</span> <span class='ocrx_word' id='word_1_127' title='bbox 656 2051 756 2109; x_wconf 85' lang='lat' dir='ltr'>officio</span> <span class='ocrx_word' id='word_1_128' title='bbox 778 2052 926 2127; x_wconf 88' lang='lat' dir='ltr'>proficisci</span> <span class='ocrx_word' id='word_1_129' title='bbox 950 2071 1008 2110; x_wconf 91' lang='lat' dir='ltr'>nou</span> <span class='ocrx_word' id='word_1_130' title='bbox 1032 2053 1157 2110; x_wconf 88' lang='lat' dir='ltr'>obscure</span> <span class='ocrx_word' id='word_1_131' title='bbox 1179 2052 1299 2112; x_wconf 89' lang='lat' dir='ltr'>iudicat.</span> <span class='ocrx_word' id='word_1_132' title='bbox 1345 2051 1410 2111; x_wconf 88' lang='lat' dir='ltr'>Nec</span> 
     </span>
     <span class='ocr_line' id='line_1_16' title="bbox 70 2153 1408 2232; baseline 0.001 -20"><span class='ocrx_word' id='word_1_133' title='bbox 70 2154 233 2232; x_wconf 86' lang='lat' dir='ltr'>quisquam</span> <span class='ocrx_word' id='word_1_134' title='bbox 256 2153 363 2229; x_wconf 85' lang='lat' dir='ltr'>opinor</span> <span class='ocrx_word' id='word_1_135' title='bbox 385 2153 581 2212; x_wconf 74' lang='lat' dir='ltr'>dubitavisset</span> <span class='ocrx_word' id='word_1_136' title='bbox 603 2153 640 2212; x_wconf 91' lang='lat' dir='ltr'>ad</span> <span class='ocrx_word' id='word_1_137' title='bbox 662 2153 751 2211; x_wconf 90' lang='lat' dir='ltr'>huius</span> <span class='ocrx_word' id='word_1_138' title='bbox 772 2155 889 2231; x_wconf 87' lang='lat' dir='ltr'>generis</span> <span class='ocrx_word' id='word_1_139' title='bbox 905 2154 1054 2230; x_wconf 90' lang='lat' dir='ltr'>principes</span> <span class='ocrx_word' id='word_1_140' title='bbox 1070 2172 1171 2214; x_wconf 90' lang='lat' dir='ltr'>omnes</span> <span class='ocrx_word' id='word_1_141' title='bbox 1184 2174 1249 2214; x_wconf 87' lang='lat' dir='ltr'>eam</span> <span class='ocrx_word' id='word_1_142' title='bbox 1265 2156 1408 2231; x_wconf 89' lang='lat' dir='ltr'>originem</span> 
     </span>
     <span class='ocr_line' id='line_1_17' title="bbox 70 2255 1411 2334; baseline -0.001 -19"><span class='ocrx_word' id='word_1_143' title='bbox 70 2257 237 2334; x_wconf 89' lang='lat' dir='ltr'>pertinere,</span> <span class='ocrx_word' id='word_1_144' title='bbox 264 2256 322 2314; x_wconf 91' lang='lat' dir='ltr'>nisi</span> <span class='ocrx_word' id='word_1_145' title='bbox 343 2256 464 2314; x_wconf 90' lang='lat' dir='ltr'>obstare</span> <span class='ocrx_word' id='word_1_146' title='bbox 486 2255 552 2314; x_wconf 88' lang='lat' dir='ltr'>visa</span> <span class='ocrx_word' id='word_1_147' title='bbox 574 2263 653 2314; x_wconf 87' lang='lat' dir='ltr'>esset</span> <span class='ocrx_word' id='word_1_148' title='bbox 673 2255 801 2314; x_wconf 87' lang='lat' dir='ltr'>formula</span> <span class='ocrx_word' id='word_1_149' title='bbox 823 2257 970 2316; x_wconf 81' lang='lat' dir='ltr'>decedam</span> <span class='ocrx_word' id='word_1_150' title='bbox 992 2259 1084 2333; x_wconf 76' lang='lat' dir='ltr'>officio</span> <span class='ocrx_word' id='word_1_151' title='bbox 1107 2257 1219 2332; x_wconf 88' lang='lat' dir='ltr'>passim</span> <span class='ocrx_word' id='word_1_152' title='bbox 1241 2257 1271 2316; x_wconf 96' lang='lat' dir='ltr'>in</span> <span class='ocrx_word' id='word_1_153' title='bbox 1293 2255 1411 2314; x_wconf 89' lang='lat' dir='ltr'>Notitia</span> 
     </span>
     <span class='ocr_line' id='line_1_18' title="bbox 72 2357 1410 2435; baseline -0.001 -17"><span class='ocrx_word' id='word_1_154' title='bbox 72 2359 172 2418; x_wconf 82' lang='lat' dir='ltr'>obvia.</span> <span class='ocrx_word' id='word_1_155' title='bbox 205 2358 280 2416; x_wconf 86' lang='lat' dir='ltr'>Eam</span> <span class='ocrx_word' id='word_1_156' title='bbox 301 2357 415 2417; x_wconf 88' lang='lat' dir='ltr'>scilicet</span> <span class='ocrx_word' id='word_1_157' title='bbox 436 2358 492 2414; x_wconf 91' lang='lat' dir='ltr'>viri</span> <span class='ocrx_word' id='word_1_158' title='bbox 515 2357 592 2416; x_wconf 87' lang='lat' dir='ltr'>docti</span> <span class='ocrx_word' id='word_1_159' title='bbox 615 2357 782 2416; x_wconf 87' lang='lat' dir='ltr'>maluerunt</span> <span class='ocrx_word' id='word_1_160' title='bbox 796 2357 838 2416; x_wconf 89' lang='lat' dir='ltr'>ita</span> <span class='ocrx_word' id='word_1_161' title='bbox 860 2359 1059 2435; x_wconf 86' lang='lat' dir='ltr'>interpretari,</span> <span class='ocrx_word' id='word_1_162' title='bbox 1082 2369 1115 2417; x_wconf 91' lang='lat' dir='ltr'>ut</span> <span class='ocrx_word' id='word_1_163' title='bbox 1135 2359 1181 2416; x_wconf 92' lang='lat' dir='ltr'>his</span> <span class='ocrx_word' id='word_1_164' title='bbox 1204 2359 1302 2417; x_wconf 89' lang='lat' dir='ltr'>verbis</span> <span class='ocrx_word' id='word_1_165' title='bbox 1318 2359 1410 2434; x_wconf 89' lang='lat' dir='ltr'>signi·</span> 
     </span>
     <span class='ocr_line' id='line_1_19' title="bbox 71 2459 1410 2536; baseline -0.001 -17"><span class='ocrx_word' id='word_1_166' title='bbox 71 2461 178 2519; x_wconf 86' lang='lat' dir='ltr'>ficetur</span> <span class='ocrx_word' id='word_1_167' title='bbox 199 2461 282 2536; x_wconf 91' lang='lat' dir='ltr'>origo</span> <span class='ocrx_word' id='word_1_168' title='bbox 306 2479 344 2518; x_wconf 86' lang='lat' dir='ltr'>cx</span> <span class='ocrx_word' id='word_1_169' title='bbox 365 2460 433 2534; x_wconf 89' lang='lat' dir='ltr'>ipso</span> <span class='ocrx_word' id='word_1_170' title='bbox 455 2479 491 2517; x_wconf 93' lang='lat' dir='ltr'>eo</span> <span class='ocrx_word' id='word_1_171' title='bbox 515 2459 550 2517; x_wconf 92' lang='lat' dir='ltr'>de</span> <span class='ocrx_word' id='word_1_172' title='bbox 573 2477 632 2534; x_wconf 91' lang='lat' dir='ltr'>qno</span> <span class='ocrx_word' id='word_1_173' title='bbox 656 2460 743 2518; x_wconf 89' lang='lat' dir='ltr'>modo</span> <span class='ocrx_word' id='word_1_174' title='bbox 765 2460 863 2536; x_wconf 87' lang='lat' dir='ltr'>agitur</span> <span class='ocrx_word' id='word_1_175' title='bbox 884 2460 993 2533; x_wconf 83' lang='lat' dir='ltr'>officio,</span> <span class='ocrx_word' id='word_1_176' title='bbox 1016 2479 1105 2536; x_wconf 89' lang='lat' dir='ltr'>quarn</span> <span class='ocrx_word' id='word_1_177' title='bbox 1126 2461 1237 2518; x_wconf 82' lang='lat' dir='ltr'>referre</span> <span class='ocrx_word' id='word_1_178' title='bbox 1263 2461 1302 2518; x_wconf 90' lang='lat' dir='ltr'>ad</span> <span class='ocrx_word' id='word_1_179' title='bbox 1327 2478 1410 2535; x_wconf 88' lang='lat' dir='ltr'>prae-</span> 
     </span>
     <span class='ocr_line' id='line_1_20' title="bbox 72 2561 1410 2640; baseline 0 -20"><span class='ocrx_word' id='word_1_180' title='bbox 72 2561 219 2634; x_wconf 85' lang='lat' dir='ltr'>cedentia,</span> <span class='ocrx_word' id='word_1_181' title='bbox 241 2571 273 2620; x_wconf 93' lang='lat' dir='ltr'>nt</span> <span class='ocrx_word' id='word_1_182' title='bbox 295 2562 338 2620; x_wconf 89' lang='lat' dir='ltr'>sic</span> <span class='ocrx_word' id='word_1_183' title='bbox 360 2561 445 2638; x_wconf 90' lang='lat' dir='ltr'>origo</span> <span class='ocrx_word' id='word_1_184' title='bbox 468 2561 612 2638; x_wconf 89' lang='lat' dir='ltr'>principis</span> <span class='ocrx_word' id='word_1_185' title='bbox 633 2562 770 2638; x_wconf 89' lang='lat' dir='ltr'>proxime</span> <span class='ocrx_word' id='word_1_186' title='bbox 792 2563 948 2621; x_wconf 87' lang='lat' dir='ltr'>memorati</span> <span class='ocrx_word' id='word_1_187' title='bbox 970 2562 1009 2620; x_wconf 87' lang='lat' dir='ltr'>ad</span> <span class='ocrx_word' id='word_1_188' title='bbox 1035 2571 1207 2637; x_wconf 86' lang='lat' dir='ltr'>sequentem</span> <span class='ocrx_word' id='word_1_189' title='bbox 1229 2562 1410 2640; x_wconf 85' lang='lat' dir='ltr'>porrigatur,</span> 
     </span>
     <span class='ocr_line' id='line_1_21' title="bbox 72 2663 1410 2742; baseline 0.001 -20"><span class='ocrx_word' id='word_1_190' title='bbox 72 2683 170 2740; x_wconf 89' lang='lat' dir='ltr'>neque</span> <span class='ocrx_word' id='word_1_191' title='bbox 194 2664 258 2722; x_wconf 91' lang='lat' dir='ltr'>sine</span> <span class='ocrx_word' id='word_1_192' title='bbox 280 2680 389 2734; x_wconf 80' lang='lat' dir='ltr'>cauea3</span> <span class='ocrx_word' id='word_1_193' title='bbox 419 2682 488 2721; x_wconf 90' lang='lat' dir='ltr'>nam</span> <span class='ocrx_word' id='word_1_194' title='bbox 511 2664 690 2739; x_wconf 89' lang='lat' dir='ltr'>quibusdam</span> <span class='ocrx_word' id='word_1_195' title='bbox 716 2663 790 2722; x_wconf 89' lang='lat' dir='ltr'>locis</span> <span class='ocrx_word' id='word_1_196' title='bbox 817 2673 868 2723; x_wconf 88' lang='lat' dir='ltr'>ant</span> <span class='ocrx_word' id='word_1_197' title='bbox 895 2664 979 2721; x_wconf 87' lang='lat' dir='ltr'>nulla</span> <span class='ocrx_word' id='word_1_198' title='bbox 1005 2664 1129 2742; x_wconf 87' lang='lat' dir='ltr'>originis</span> <span class='ocrx_word' id='word_1_199' title='bbox 1156 2663 1296 2722; x_wconf 88' lang='lat' dir='ltr'>indicatio</span> <span class='ocrx_word' id='word_1_200' title='bbox 1323 2683 1410 2740; x_wconf 91' lang='lat' dir='ltr'>prae-</span> 
     </span>
     <span class='ocr_line' id='line_1_22' title="bbox 73 2749 1411 2843; baseline -0.001 -18"><span class='ocrx_word' id='word_1_201' title='bbox 73 2763 192 2840; x_wconf 75' lang='lat' dir='ltr'>cedit²)</span> <span class='ocrx_word' id='word_1_202' title='bbox 215 2772 265 2823; x_wconf 89' lang='lat' dir='ltr'>ant</span> <span class='ocrx_word' id='word_1_203' title='bbox 286 2766 313 2822; x_wconf 92' lang='lat' dir='ltr'>ei</span> <span class='ocrx_word' id='word_1_204' title='bbox 335 2749 411 2842; x_wconf 87' lang='lat' dir='ltr'>quae</span> <span class='ocrx_word' id='word_1_205' title='bbox 437 2766 570 2840; x_wconf 90' lang='lat' dir='ltr'>sequitur</span> <span class='ocrx_word' id='word_1_206' title='bbox 591 2784 695 2842; x_wconf 89' lang='lat' dir='ltr'>parum</span> <span class='ocrx_word' id='word_1_207' title='bbox 718 2765 838 2843; x_wconf 67' lang='lat' dir='ltr'>aptass).</span> <span class='ocrx_word' id='word_1_208' title='bbox 879 2765 1085 2825; x_wconf 88' lang='lat' dir='ltr'>Nihilominus</span> <span class='ocrx_word' id='word_1_209' title='bbox 1108 2766 1314 2842; x_wconf 84' lang='lat' dir='ltr'>interpretatio</span> <span class='ocrx_word' id='word_1_210' title='bbox 1336 2766 1411 2824; x_wconf 90' lang='lat' dir='ltr'>baec</span> 
     </span>
     <span class='ocr_line' id='line_1_23' title="bbox 72 2867 1410 2944; baseline 0 -17"><span class='ocrx_word' id='word_1_211' title='bbox 72 2885 171 2944; x_wconf 90' lang='lat' dir='ltr'>neque</span> <span class='ocrx_word' id='word_1_212' title='bbox 193 2867 293 2926; x_wconf 85' lang='lat' dir='ltr'>verbis</span> <span class='ocrx_word' id='word_1_213' title='bbox 315 2877 394 2926; x_wconf 90' lang='lat' dir='ltr'>recte</span> <span class='ocrx_word' id='word_1_214' title='bbox 417 2868 557 2927; x_wconf 88' lang='lat' dir='ltr'>convenit</span> <span class='ocrx_word' id='word_1_215' title='bbox 577 2885 673 2944; x_wconf 89' lang='lat' dir='ltr'>neque</span> <span class='ocrx_word' id='word_1_216' title='bbox 695 2887 726 2924; x_wconf 90' lang='lat' dir='ltr'>re</span> <span class='ocrx_word' id='word_1_217' title='bbox 749 2869 913 2944; x_wconf 91' lang='lat' dir='ltr'>probabilis</span> <span class='ocrx_word' id='word_1_218' title='bbox 936 2877 990 2927; x_wconf 91' lang='lat' dir='ltr'>est.</span> <span class='ocrx_word' id='word_1_219' title='bbox 1038 2868 1172 2926; x_wconf 86' lang='lat' dir='ltr'>Primum</span> <span class='ocrx_word' id='word_1_220' title='bbox 1195 2887 1261 2926; x_wconf 89' lang='lat' dir='ltr'>cnm</span> <span class='ocrx_word' id='word_1_221' title='bbox 1288 2870 1318 2928; x_wconf 95' lang='lat' dir='ltr'>in</span> <span class='ocrx_word' id='word_1_222' title='bbox 1344 2869 1410 2928; x_wconf 91' lang='lat' dir='ltr'>uni-</span> 
     </span>
     <span class='ocr_line' id='line_1_24' title="bbox 73 2969 1409 3029; baseline 0.001 -1"><span class='ocrx_word' id='word_1_223' title='bbox 73 2988 194 3029; x_wconf 87' lang='lat' dir='ltr'>versum</span> <span class='ocrx_word' id='word_1_224' title='bbox 217 2970 254 3028; x_wconf 88' lang='lat' dir='ltr'>ad</span> <span class='ocrx_word' id='word_1_225' title='bbox 276 2969 373 3028; x_wconf 89' lang='lat' dir='ltr'>locum</span> <span class='ocrx_word' id='word_1_226' title='bbox 395 2971 425 3028; x_wconf 91' lang='lat' dir='ltr'>in</span> <span class='ocrx_word' id='word_1_227' title='bbox 448 2970 547 3028; x_wconf 84' lang='lat' dir='ltr'>officio</span> <span class='ocrx_word' id='word_1_228' title='bbox 569 2971 747 3028; x_wconf 88' lang='lat' dir='ltr'>eminentem</span> <span class='ocrx_word' id='word_1_229' title='bbox 775 2989 813 3028; x_wconf 80' lang='lat' dir='ltr'>ea</span> <span class='ocrx_word' id='word_1_230' title='bbox 840 2970 973 3029; x_wconf 88' lang='lat' dir='ltr'>eiusdem</span> <span class='ocrx_word' id='word_1_231' title='bbox 996 2969 1087 3028; x_wconf 84' lang='lat' dir='ltr'>oflicii</span> <span class='ocrx_word' id='word_1_232' title='bbox 1114 2970 1190 3029; x_wconf 90' lang='lat' dir='ltr'>locis</span> <span class='ocrx_word' id='word_1_233' title='bbox 1217 2971 1409 3029; x_wconf 87' lang='lat' dir='ltr'>inferioribus</span> 
     </span>
     <span class='ocr_line' id='line_1_25' title="bbox 73 3071 1410 3150; baseline -0.001 -20"><span class='ocrx_word' id='word_1_234' title='bbox 73 3072 280 3150; x_wconf 80' lang='lat' dir='ltr'>perveniatur,</span> <span class='ocrx_word' id='word_1_235' title='bbox 308 3090 402 3148; x_wconf 90' lang='lat' dir='ltr'>paene</span> <span class='ocrx_word' id='word_1_236' title='bbox 425 3072 555 3148; x_wconf 87' lang='lat' dir='ltr'>ineptum</span> <span class='ocrx_word' id='word_1_237' title='bbox 578 3072 676 3130; x_wconf 91' lang='lat' dir='ltr'>estid</span> <span class='ocrx_word' id='word_1_238' title='bbox 699 3073 859 3144; x_wconf 90' lang='lat' dir='ltr'>enuntiari,</span> <span class='ocrx_word' id='word_1_239' title='bbox 890 3073 980 3149; x_wconf 88' lang='lat' dir='ltr'>plane</span> <span class='ocrx_word' id='word_1_240' title='bbox 1002 3091 1061 3130; x_wconf 92' lang='lat' dir='ltr'>non</span> <span class='ocrx_word' id='word_1_241' title='bbox 1082 3072 1236 3131; x_wconf 78' lang='lat' dir='ltr'>terendum</span> <span class='ocrx_word' id='word_1_242' title='bbox 1260 3082 1357 3132; x_wconf 89' lang='lat' dir='ltr'>antem</span> <span class='ocrx_word' id='word_1_243' title='bbox 1380 3071 1410 3130; x_wconf 93' lang='lat' dir='ltr'>id</span> 
     </span>
     <span class='ocr_line' id='line_1_26' title="bbox 74 3173 1410 3250; baseline 0 -18"><span class='ocrx_word' id='word_1_244' title='bbox 74 3174 224 3234; x_wconf 89' lang='lat' dir='ltr'>enuntiari</span> <span class='ocrx_word' id='word_1_245' title='bbox 246 3173 276 3232; x_wconf 94' lang='lat' dir='ltr'>in</span> <span class='ocrx_word' id='word_1_246' title='bbox 298 3174 432 3250; x_wconf 91' lang='lat' dir='ltr'>principe</span> <span class='ocrx_word' id='word_1_247' title='bbox 460 3173 538 3245; x_wconf 90' lang='lat' dir='ltr'>solo,</span> <span class='ocrx_word' id='word_1_248' title='bbox 566 3193 632 3232; x_wconf 91' lang='lat' dir='ltr'>cum</span> <span class='ocrx_word' id='word_1_249' title='bbox 662 3174 844 3249; x_wconf 87' lang='lat' dir='ltr'>reliquorum</span> <span class='ocrx_word' id='word_1_250' title='bbox 871 3174 1127 3232; x_wconf 89' lang='lat' dir='ltr'>cohortalinorum</span> <span class='ocrx_word' id='word_1_251' title='bbox 1156 3175 1291 3233; x_wconf 91' lang='lat' dir='ltr'>condicio</span> <span class='ocrx_word' id='word_1_252' title='bbox 1319 3175 1410 3250; x_wconf 90' lang='lat' dir='ltr'>plane</span> 
     </span>
    </p>
   </div>
   <div class='ocr_carea' id='block_1_3' title="bbox 72 3260 1410 3456">
    <p class='ocr_par' dir='ltr' id='par_1_4' title="bbox 72 3260 1410 3456">
     <span class='ocr_line' id='line_1_27' title="bbox 72 3260 1409 3354; baseline 0 -20"><span class='ocrx_word' id='word_1_253' title='bbox 72 3277 178 3335; x_wconf 88' lang='lat' dir='ltr'>eadem</span> <span class='ocrx_word' id='word_1_254' title='bbox 203 3275 251 3334; x_wconf 85' lang='lat' dir='ltr'>sit</span> <span class='ocrx_word' id='word_1_255' title='bbox 296 3276 422 3334; x_wconf 82' lang='lat' dir='ltr'>Accedit</span> <span class='ocrx_word' id='word_1_256' title='bbox 442 3276 523 3351; x_wconf 92' lang='lat' dir='ltr'>quod</span> <span class='ocrx_word' id='word_1_257' title='bbox 544 3275 725 3353; x_wconf 89' lang='lat' dir='ltr'>principibus</span> <span class='ocrx_word' id='word_1_258' title='bbox 749 3279 976 3354; x_wconf 86' lang='lat' dir='ltr'>magistratuum</span> <span class='ocrx_word' id='word_1_259' title='bbox 1000 3260 1198 3349; x_wconf 88' lang='lat' dir='ltr'>summorum,</span> <span class='ocrx_word' id='word_1_260' title='bbox 1224 3294 1298 3353; x_wconf 90' lang='lat' dir='ltr'>quos</span> <span class='ocrx_word' id='word_1_261' title='bbox 1326 3277 1409 3334; x_wconf 94' lang='lat' dir='ltr'>dubi-</span> 
     </span>
     <span class='ocr_line' id='line_1_28' title="bbox 73 3377 1410 3456; baseline 0 -19"><span class='ocrx_word' id='word_1_262' title='bbox 73 3380 133 3438; x_wconf 87' lang='lat' dir='ltr'>tari</span> <span class='ocrx_word' id='word_1_263' title='bbox 154 3397 214 3436; x_wconf 92' lang='lat' dir='ltr'>non</span> <span class='ocrx_word' id='word_1_264' title='bbox 235 3385 336 3455; x_wconf 88' lang='lat' dir='ltr'>potest</span> <span class='ocrx_word' id='word_1_265' title='bbox 360 3397 430 3436; x_wconf 88' lang='lat' dir='ltr'>vere</span> <span class='ocrx_word' id='word_1_266' title='bbox 456 3396 495 3436; x_wconf 85' lang='lat' dir='ltr'>ex</span> <span class='ocrx_word' id='word_1_267' title='bbox 521 3378 596 3454; x_wconf 90' lang='lat' dir='ltr'>ipsis</span> <span class='ocrx_word' id='word_1_268' title='bbox 623 3377 731 3436; x_wconf 89' lang='lat' dir='ltr'>officiis</span> <span class='ocrx_word' id='word_1_269' title='bbox 759 3378 795 3436; x_wconf 91' lang='lat' dir='ltr'>ad</span> <span class='ocrx_word' id='word_1_270' title='bbox 824 3398 890 3438; x_wconf 92' lang='lat' dir='ltr'>eum</span> <span class='ocrx_word' id='word_1_271' title='bbox 919 3379 1018 3438; x_wconf 88' lang='lat' dir='ltr'>locum</span> <span class='ocrx_word' id='word_1_272' title='bbox 1046 3379 1234 3456; x_wconf 86' lang='lat' dir='ltr'>pervenisse,</span> <span class='ocrx_word' id='word_1_273' title='bbox 1263 3379 1410 3439; x_wconf 88' lang='lat' dir='ltr'>eiusmodi</span> 
     </span>
    </p>
   </div>
   <div class='ocr_carea' id='block_1_4' title="bbox 70 3570 1411 5297">
    <p class='ocr_par' dir='ltr' id='par_1_5' title="bbox 70 3570 1411 4284">
     <span class='ocr_line' id='line_1_29' title="bbox 70 3570 1408 3644; baseline -0.001 -19"><span class='ocrx_word' id='word_1_274' title='bbox 70 3575 254 3644; x_wconf 83' lang='lat' dir='ltr'>praetorianas</span> <span class='ocrx_word' id='word_1_275' title='bbox 271 3571 386 3624; x_wconf 78' lang='lat' dir='ltr'>cobortes</span> <span class='ocrx_word' id='word_1_276' title='bbox 403 3579 428 3622; x_wconf 89' lang='lat' dir='ltr'>et</span> <span class='ocrx_word' id='word_1_277' title='bbox 445 3570 558 3623; x_wconf 84' lang='lat' dir='ltr'>urbanae</span> <span class='ocrx_word' id='word_1_278' title='bbox 571 3572 750 3640; x_wconf 83' lang='lat' dir='ltr'>praefecturae</span> <span class='ocrx_word' id='word_1_279' title='bbox 768 3573 859 3624; x_wconf 78' lang='lat' dir='ltr'>milites</span> <span class='ocrx_word' id='word_1_280' title='bbox 875 3573 1009 3625; x_wconf 83' lang='lat' dir='ltr'>videantur</span> <span class='ocrx_word' id='word_1_281' title='bbox 1026 3575 1150 3625; x_wconf 81' lang='lat' dir='ltr'>inuenisse</span> <span class='ocrx_word' id='word_1_282' title='bbox 1158 3575 1304 3642; x_wconf 83' lang='lat' dir='ltr'>primatum,</span> <span class='ocrx_word' id='word_1_283' title='bbox 1324 3591 1341 3624; x_wconf 87' lang='lat' dir='ltr'>a</span> <span class='ocrx_word' id='word_1_284' title='bbox 1354 3575 1408 3642; x_wconf 83' lang='lat' dir='ltr'>qui·</span> 
     </span>
     <span class='ocr_line' id='line_1_30' title="bbox 75 3651 1409 3734; baseline -0.001 -16"><span class='ocrx_word' id='word_1_285' title='bbox 75 3667 120 3718; x_wconf 88' lang='lat' dir='ltr'>bus</span> <span class='ocrx_word' id='word_1_286' title='bbox 139 3665 187 3716; x_wconf 75' lang='lat' dir='ltr'>titt</span> <span class='ocrx_word' id='word_1_287' title='bbox 204 3665 294 3716; x_wconf 83' lang='lat' dir='ltr'>barrile</span> <span class='ocrx_word' id='word_1_288' title='bbox 311 3651 455 3715; x_wconf 78' lang='lat' dir='ltr'>solvebatur</span> <span class='ocrx_word' id='word_1_289' title='bbox 474 3663 621 3732; x_wconf 77' lang='lat' dir='ltr'>obsequium,</span> <span class='ocrx_word' id='word_1_290' title='bbox 643 3673 668 3716; x_wconf 88' lang='lat' dir='ltr'>et</span> <span class='ocrx_word' id='word_1_291' title='bbox 682 3669 723 3726; x_wconf 91' lang='lat' dir='ltr'>ll,</span> <span class='ocrx_word' id='word_1_292' title='bbox 742 3666 789 3716; x_wconf 80' lang='lat'>³5:</span> <span class='ocrx_word' id='word_1_293' title='bbox 810 3668 935 3733; x_wconf 79' lang='lat' dir='ltr'>apartium</span> <span class='ocrx_word' id='word_1_294' title='bbox 953 3668 980 3716; x_wconf 73' lang='grc' dir='ltr'>ιιι</span> <span class='ocrx_word' id='word_1_295' title='bbox 998 3665 1072 3718; x_wconf 88' lang='lat' dir='ltr'>rebus</span> <span class='ocrx_word' id='word_1_296' title='bbox 1088 3667 1159 3718; x_wconf 85' lang='lat' dir='ltr'>miles</span> <span class='ocrx_word' id='word_1_297' title='bbox 1172 3667 1251 3734; x_wconf 68' lang='lat' dir='ltr'>aspicit</span> <span class='ocrx_word' id='word_1_298' title='bbox 1353 3665 1409 3716; x_wconf 80' lang='lat' dir='ltr'>ideo</span> 
     </span>
     <span class='ocr_line' id='line_1_31' title="bbox 74 3755 1411 3829; baseline -0.002 -19"><span class='ocrx_word' id='word_1_299' title='bbox 74 3760 202 3829; x_wconf 80' lang='lat' dir='ltr'>principis</span> <span class='ocrx_word' id='word_1_300' title='bbox 220 3773 305 3808; x_wconf 84' lang='lat' dir='ltr'>nomen</span> <span class='ocrx_word' id='word_1_301' title='bbox 323 3755 415 3807; x_wconf 78' lang='lat' dir='ltr'>babere</span> <span class='ocrx_word' id='word_1_302' title='bbox 431 3759 579 3824; x_wconf 83' lang='lat' dir='ltr'>promeruit,</span> <span class='ocrx_word' id='word_1_303' title='bbox 608 3759 669 3824; x_wconf 85' lang='lat' dir='ltr'>quia</span> <span class='ocrx_word' id='word_1_304' title='bbox 687 3757 792 3808; x_wconf 80' lang='lat' dir='ltr'>militiae</span> <span class='ocrx_word' id='word_1_305' title='bbox 810 3760 975 3809; x_wconf 81' lang='lat' dir='ltr'>sacramentis</span> <span class='ocrx_word' id='word_1_306' title='bbox 995 3767 1089 3809; x_wconf 85' lang='lat' dir='ltr'>ceteros</span> <span class='ocrx_word' id='word_1_307' title='bbox 1113 3758 1241 3809; x_wconf 79' lang='lat' dir='ltr'>antecellit</span> <span class='ocrx_word' id='word_1_308' title='bbox 1342 3765 1366 3807; x_wconf 88' lang='lat' dir='ltr'>st</span> <span class='ocrx_word' id='word_1_309' title='bbox 1383 3765 1411 3807; x_wconf 85' lang='lat' dir='ltr'>ut</span> 
     </span>
     <span class='ocr_line' id='line_1_32' title="bbox 73 3847 1410 3917; baseline -0.004 -14"><span class='ocrx_word' id='word_1_310' title='bbox 73 3853 240 3903; x_wconf 85' lang='lat' dir='ltr'>reuerentiam</span> <span class='ocrx_word' id='word_1_311' title='bbox 254 3851 437 3917; x_wconf 84' lang='lat' dir='ltr'>praetorianae</span> <span class='ocrx_word' id='word_1_312' title='bbox 455 3848 523 3899; x_wconf 82' lang='lat' dir='ltr'>seclis</span> <span class='ocrx_word' id='word_1_313' title='bbox 541 3849 677 3909; x_wconf 80' lang='lat' dir='ltr'>extolleret,</span> <span class='ocrx_word' id='word_1_314' title='bbox 699 3857 755 3899; x_wconf 83' lang='lat' dir='ltr'>tuac</span> <span class='ocrx_word' id='word_1_315' title='bbox 775 3850 811 3899; x_wconf 89' lang='lat' dir='ltr'>ad</span> <span class='ocrx_word' id='word_1_316' title='bbox 829 3853 882 3901; x_wconf 82' lang='lat' dir='ltr'>er&#39;us</span> <span class='ocrx_word' id='word_1_317' title='bbox 900 3852 967 3900; x_wconf 81' lang='lat' dir='ltr'>veuit</span> <span class='ocrx_word' id='word_1_318' title='bbox 986 3849 1126 3916; x_wconf 80' lang='lat' dir='ltr'>obsequium</span> <span class='ocrx_word' id='word_1_319' title='bbox 1146 3849 1246 3916; x_wconf 82' lang='lat' dir='ltr'>quanda</span> <span class='ocrx_word' id='word_1_320' title='bbox 1265 3847 1410 3899; x_wconf 85' lang='lat' dir='ltr'>cacabulum</span> 
     </span>
     <span class='ocr_line' id='line_1_33' title="bbox 75 3941 1410 4012; baseline -0.003 -18"><span class='ocrx_word' id='word_1_321' title='bbox 75 3945 158 4012; x_wconf 83' lang='lat' dir='ltr'>coepit</span> <span class='ocrx_word' id='word_1_322' title='bbox 177 3941 268 3993; x_wconf 86' lang='lat' dir='ltr'>babere</span> <span class='ocrx_word' id='word_1_323' title='bbox 284 3943 456 4009; x_wconf 84' lang='lat' dir='ltr'>praecipuum.</span> <span class='ocrx_word' id='word_1_324' title='bbox 489 3943 587 3991; x_wconf 89' lang='lat' dir='ltr'>Verum</span> <span class='ocrx_word' id='word_1_325' title='bbox 606 3948 645 3991; x_wconf 90' lang='lat' dir='ltr'>est</span> <span class='ocrx_word' id='word_1_326' title='bbox 663 3942 709 3990; x_wconf 83' lang='lat' dir='ltr'>rub</span> <span class='ocrx_word' id='word_1_327' title='bbox 729 3943 898 4006; x_wconf 84' lang='lat' dir='ltr'>dispositione</span> <span class='ocrx_word' id='word_1_328' title='bbox 916 3943 1038 4006; x_wconf 82' lang='lat' dir='ltr'>praefecti</span> <span class='ocrx_word' id='word_1_329' title='bbox 1058 3943 1128 3991; x_wconf 90' lang='lat' dir='ltr'>urbis</span> <span class='ocrx_word' id='word_1_330' title='bbox 1151 3942 1256 4006; x_wconf 88' lang='lat' dir='ltr'>propris</span> <span class='ocrx_word' id='word_1_331' title='bbox 1280 3942 1410 4005; x_wconf 89' lang='lat' dir='ltr'>praesides</span> 
     </span>
     <span class='ocr_line' id='line_1_34' title="bbox 74 4033 1411 4100; baseline -0.004 -12"><span class='ocrx_word' id='word_1_332' title='bbox 74 4037 162 4088; x_wconf 85' lang='lat' dir='ltr'>nullos</span> <span class='ocrx_word' id='word_1_333' title='bbox 181 4051 244 4097; x_wconf 87' lang='lat' dir='ltr'>esse,</span> <span class='ocrx_word' id='word_1_334' title='bbox 265 4036 311 4085; x_wconf 85' lang='lat' dir='ltr'>sed</span> <span class='ocrx_word' id='word_1_335' title='bbox 330 4043 453 4100; x_wconf 83' lang='lat' dir='ltr'>qnatenus</span> <span class='ocrx_word' id='word_1_336' title='bbox 472 4049 488 4083; x_wconf 90' lang='lat' dir='ltr'>a</span> <span class='ocrx_word' id='word_1_337' title='bbox 506 4035 625 4098; x_wconf 87' lang='lat' dir='ltr'>praeside</span> <span class='ocrx_word' id='word_1_338' title='bbox 642 4034 784 4097; x_wconf 80' lang='lat' dir='ltr'>praefectus</span> <span class='ocrx_word' id='word_1_339' title='bbox 801 4035 872 4084; x_wconf 83' lang='lat' dir='ltr'>urbis</span> <span class='ocrx_word' id='word_1_340' title='bbox 892 4035 1036 4099; x_wconf 90' lang='lat' dir='ltr'>appellatur</span> <span class='ocrx_word' id='word_1_341' title='bbox 1057 4033 1091 4094; x_wconf 86' lang='lat' dir='ltr'>(v.</span> <span class='ocrx_word' id='word_1_342' title='bbox 1106 4050 1130 4097; x_wconf 92' lang='lat' dir='ltr'>p.</span> <span class='ocrx_word' id='word_1_343' title='bbox 1143 4033 1215 4095; x_wconf 83' lang='lat'>624),</span> <span class='ocrx_word' id='word_1_344' title='bbox 1236 4040 1304 4083; x_wconf 88' lang='lat' dir='ltr'>reete</span> <span class='ocrx_word' id='word_1_345' title='bbox 1318 4033 1411 4098; x_wconf 91' lang='lat' dir='ltr'>opinor</span> 
     </span>
     <span class='ocr_line' id='line_1_35' title="bbox 75 4125 1410 4192; baseline -0.001 -14"><span class='ocrx_word' id='word_1_346' title='bbox 75 4129 203 4178; x_wconf 87' lang='lat' dir='ltr'>eiusmodi</span> <span class='ocrx_word' id='word_1_347' title='bbox 222 4129 349 4192; x_wconf 88' lang='lat' dir='ltr'>praesidis</span> <span class='ocrx_word' id='word_1_348' title='bbox 368 4128 526 4192; x_wconf 87' lang='lat' dir='ltr'>apparitores</span> <span class='ocrx_word' id='word_1_349' title='bbox 545 4127 669 4176; x_wconf 86' lang='lat' dir='ltr'>militibus</span> <span class='ocrx_word' id='word_1_350' title='bbox 689 4127 863 4191; x_wconf 77' lang='lat' dir='ltr'>praefecturae</span> <span class='ocrx_word' id='word_1_351' title='bbox 884 4126 996 4176; x_wconf 84' lang='lat' dir='ltr'>urbanae</span> <span class='ocrx_word' id='word_1_352' title='bbox 1015 4127 1225 4176; x_wconf 86' lang='lat' dir='ltr'>adnumerantur.</span> <span class='ocrx_word' id='word_1_353' title='bbox 1270 4125 1410 4176; x_wconf 81' lang='lat' dir='ltr'>Conferen-</span> 
     </span>
     <span class='ocr_line' id='line_1_36' title="bbox 75 4219 691 4284; baseline -0.003 -14"><span class='ocrx_word' id='word_1_354' title='bbox 75 4221 125 4270; x_wconf 90' lang='lat' dir='ltr'>dus</span> <span class='ocrx_word' id='word_1_355' title='bbox 144 4220 207 4269; x_wconf 88' lang='lat' dir='ltr'>item</span> <span class='ocrx_word' id='word_1_356' title='bbox 225 4219 313 4283; x_wconf 86' lang='lat' dir='ltr'>Lydus</span> <span class='ocrx_word' id='word_1_357' title='bbox 332 4220 364 4268; x_wconf 91' lang='lat' dir='ltr'>de</span> <span class='ocrx_word' id='word_1_358' title='bbox 384 4234 450 4284; x_wconf 87' lang='lat' dir='ltr'>mag.</span> <span class='ocrx_word' id='word_1_359' title='bbox 470 4221 494 4280; x_wconf 92' lang='grc'>2,</span> <span class='ocrx_word' id='word_1_360' title='bbox 511 4221 545 4270; x_wconf 93' lang='grc'>10</span> <span class='ocrx_word' id='word_1_361' title='bbox 559 4239 592 4260; x_wconf 94' lang='lat'>=</span> <span class='ocrx_word' id='word_1_362' title='bbox 609 4220 634 4283; x_wconf 89' lang='lat'>3,</span> <span class='ocrx_word' id='word_1_363' title='bbox 647 4221 691 4269; x_wconf 82' lang='lat'>40.</span> 
     </span>
    </p>

    <p class='ocr_par' dir='ltr' id='par_1_6' title="bbox 74 4307 1411 4650">
     <span class='ocr_line' id='line_1_37' title="bbox 136 4307 1411 4378; baseline -0.002 -16"><span class='ocrx_word' id='word_1_364' title='bbox 136 4311 159 4373; x_wconf 87' lang='lat'>¹)</span> <span class='ocrx_word' id='word_1_365' title='bbox 180 4311 209 4362; x_wconf 89' lang='lat' dir='ltr'>C.</span> <span class='ocrx_word' id='word_1_366' title='bbox 223 4312 273 4361; x_wconf 90' lang='lat' dir='ltr'>Th.</span> <span class='ocrx_word' id='word_1_367' title='bbox 295 4310 320 4372; x_wconf 91' lang='grc'>6,</span> <span class='ocrx_word' id='word_1_368' title='bbox 339 4310 382 4373; x_wconf 88' lang='grc'>26,</span> <span class='ocrx_word' id='word_1_369' title='bbox 401 4312 417 4361; x_wconf 88' lang='grc'>3</span> <span class='ocrx_word' id='word_1_370' title='bbox 438 4325 461 4360; x_wconf 85' lang='lat' dir='ltr'>a.</span> <span class='ocrx_word' id='word_1_371' title='bbox 476 4311 542 4362; x_wconf 80' lang='lat'><strong>386:</strong></span> <span class='ocrx_word' id='word_1_372' title='bbox 569 4311 708 4377; x_wconf 77' lang='lat' dir='ltr'>epentesis</span> <span class='ocrx_word' id='word_1_373' title='bbox 727 4309 800 4360; x_wconf 85' lang='lat' dir='ltr'>rebus</span> <span class='ocrx_word' id='word_1_374' title='bbox 816 4318 876 4377; x_wconf 80' lang='lat' dir='ltr'>post</span> <span class='ocrx_word' id='word_1_375' title='bbox 889 4310 1003 4378; x_wconf 86' lang='lat' dir='ltr'>palmam</span> <span class='ocrx_word' id='word_1_376' title='bbox 1022 4307 1119 4360; x_wconf 64' lang='lat' dir='ltr'>laboras</span> <span class='ocrx_word' id='word_1_377' title='bbox 1137 4310 1234 4360; x_wconf 70' lang='lat' dir='ltr'>emma</span> <span class='ocrx_word' id='word_1_378' title='bbox 1248 4310 1411 4377; x_wconf 72' lang='lat' dir='ltr'>priucrputns</span> 
     </span>
     <span class='ocr_line' id='line_1_38' title="bbox 74 4400 1409 4466; baseline -0.002 -11"><span class='ocrx_word' id='word_1_379' title='bbox 74 4403 169 4455; x_wconf 70' lang='lat' dir='ltr'>baama</span> <span class='ocrx_word' id='word_1_380' title='bbox 187 4418 350 4453; x_wconf 83' lang='lat' dir='ltr'>muneramus.</span> <span class='ocrx_word' id='word_1_381' title='bbox 382 4403 454 4454; x_wconf 89' lang='lat' dir='ltr'>Idem</span> <span class='ocrx_word' id='word_1_382' title='bbox 474 4403 584 4454; x_wconf 76' lang='lat' dir='ltr'>eflicitur</span> <span class='ocrx_word' id='word_1_383' title='bbox 602 4419 634 4452; x_wconf 82' lang='lat' dir='ltr'>ex</span> <span class='ocrx_word' id='word_1_384' title='bbox 654 4403 879 4454; x_wconf 88' lang='lat' dir='ltr'>constitutionibus</span> <span class='ocrx_word' id='word_1_385' title='bbox 898 4403 964 4465; x_wconf 82' lang='lat' dir='ltr'>aliis,</span> <span class='ocrx_word' id='word_1_386' title='bbox 983 4409 1012 4453; x_wconf 89' lang='lat' dir='ltr'>nt</span> <span class='ocrx_word' id='word_1_387' title='bbox 1031 4404 1056 4466; x_wconf 87' lang='grc'>6,</span> <span class='ocrx_word' id='word_1_388' title='bbox 1074 4405 1117 4466; x_wconf 91' lang='grc'>26,</span> <span class='ocrx_word' id='word_1_389' title='bbox 1134 4404 1149 4452; x_wconf 98' lang='grc'>2</span> <span class='ocrx_word' id='word_1_390' title='bbox 1169 4417 1193 4453; x_wconf 85' lang='lat' dir='ltr'>a.</span> <span class='ocrx_word' id='word_1_391' title='bbox 1207 4401 1274 4464; x_wconf 87' lang='grc'>360,</span> <span class='ocrx_word' id='word_1_392' title='bbox 1295 4404 1320 4465; x_wconf 92' lang='grc'>6,</span> <span class='ocrx_word' id='word_1_393' title='bbox 1336 4400 1409 4466; x_wconf 66' lang='lat' dir='ltr'>aas</span> 
     </span>
     <span class='ocr_line' id='line_1_39' title="bbox 74 4493 1410 4559; baseline -0.001 -13"><span class='ocrx_word' id='word_1_394' title='bbox 74 4511 99 4546; x_wconf 86' lang='lat' dir='ltr'>a.</span> <span class='ocrx_word' id='word_1_395' title='bbox 115 4496 183 4558; x_wconf 89' lang='grc'>361,</span> <span class='ocrx_word' id='word_1_396' title='bbox 211 4495 236 4558; x_wconf 88' lang='grc'>6,</span> <span class='ocrx_word' id='word_1_397' title='bbox 256 4497 299 4559; x_wconf 90' lang='grc'>26,</span> <span class='ocrx_word' id='word_1_398' title='bbox 318 4494 334 4544; x_wconf 92' lang='grc'>6</span> <span class='ocrx_word' id='word_1_399' title='bbox 354 4511 378 4546; x_wconf 87' lang='lat' dir='ltr'>a.</span> <span class='ocrx_word' id='word_1_400' title='bbox 393 4496 458 4558; x_wconf 84' lang='grc'>399,</span> <span class='ocrx_word' id='word_1_401' title='bbox 484 4495 509 4558; x_wconf 89' lang='grc'>6,</span> <span class='ocrx_word' id='word_1_402' title='bbox 528 4497 572 4558; x_wconf 87' lang='grc'>26,</span> <span class='ocrx_word' id='word_1_403' title='bbox 592 4497 606 4545; x_wconf 93' lang='grc'><strong>7</strong></span> <span class='ocrx_word' id='word_1_404' title='bbox 626 4511 650 4546; x_wconf 87' lang='lat' dir='ltr'>a.</span> <span class='ocrx_word' id='word_1_405' title='bbox 664 4497 731 4558; x_wconf 85' lang='grc'>410,</span> <span class='ocrx_word' id='word_1_406' title='bbox 758 4493 782 4557; x_wconf 95' lang='grc'>6,</span> <span class='ocrx_word' id='word_1_407' title='bbox 802 4498 880 4557; x_wconf 89' lang='grc'>26,6</span> <span class='ocrx_word' id='word_1_408' title='bbox 906 4496 997 4546; x_wconf 70' lang='lat' dir='ltr'>abbi</span> <span class='ocrx_word' id='word_1_409' title='bbox 1017 4501 1079 4558; x_wconf 89' lang='lat' dir='ltr'>eet.;</span> <span class='ocrx_word' id='word_1_410' title='bbox 1104 4497 1166 4546; x_wconf 91' lang='lat' dir='ltr'>item</span> <span class='ocrx_word' id='word_1_411' title='bbox 1191 4510 1224 4546; x_wconf 86' lang='lat' dir='ltr'>ex</span> <span class='ocrx_word' id='word_1_412' title='bbox 1244 4495 1410 4546; x_wconf 86' lang='lat' dir='ltr'>Cassiodorio</span> 
     </span>
     <span class='ocr_line' id='line_1_40' title="bbox 74 4587 253 4650; baseline 0.006 -13"><span class='ocrx_word' id='word_1_413' title='bbox 74 4603 130 4638; x_wconf 75' lang='lat' dir='ltr'>aar.</span> <span class='ocrx_word' id='word_1_414' title='bbox 147 4589 191 4650; x_wconf 91' lang='lat'>11,</span> <span class='ocrx_word' id='word_1_415' title='bbox 210 4587 253 4638; x_wconf 79' lang='lat'>35.</span> 
     </span>
    </p>

    <p class='ocr_par' dir='ltr' id='par_1_7' title="bbox 75 4673 1410 4839">
     <span class='ocr_line' id='line_1_41' title="bbox 135 4673 1410 4746; baseline -0.002 -13"><span class='ocrx_word' id='word_1_416' title='bbox 135 4677 160 4742; x_wconf 83' lang='lat'>²)</span> <span class='ocrx_word' id='word_1_417' title='bbox 181 4680 283 4733; x_wconf 83' lang='lat' dir='ltr'>Scilicet</span> <span class='ocrx_word' id='word_1_418' title='bbox 302 4680 347 4731; x_wconf 90' lang='lat' dir='ltr'>Or.</span> <span class='ocrx_word' id='word_1_419' title='bbox 366 4683 414 4742; x_wconf 90' lang='grc'>20,</span> <span class='ocrx_word' id='word_1_420' title='bbox 436 4684 470 4731; x_wconf 93' lang='grc'>10</span> <span class='ocrx_word' id='word_1_421' title='bbox 494 4681 612 4745; x_wconf 88' lang='lat' dir='ltr'>princeps</span> <span class='ocrx_word' id='word_1_422' title='bbox 631 4680 711 4730; x_wconf 84' lang='lat' dir='ltr'>officii</span> <span class='ocrx_word' id='word_1_423' title='bbox 736 4681 895 4746; x_wconf 88' lang='lat' dir='ltr'>proconsulis</span> <span class='ocrx_word' id='word_1_424' title='bbox 920 4679 1036 4732; x_wconf 78' lang='lat' dir='ltr'>Achaiae</span> <span class='ocrx_word' id='word_1_425' title='bbox 1061 4682 1155 4732; x_wconf 87' lang='lat' dir='ltr'>dicitur</span> <span class='ocrx_word' id='word_1_426' title='bbox 1173 4696 1229 4732; x_wconf 86' lang='lat' dir='ltr'>esse</span> <span class='ocrx_word' id='word_1_427' title='bbox 1250 4673 1296 4731; x_wconf 87' lang='lat' dir='ltr'>‘ds</span> <span class='ocrx_word' id='word_1_428' title='bbox 1319 4681 1410 4730; x_wconf 89' lang='lat' dir='ltr'>eodem</span> 
     </span>
     <span class='ocr_line' id='line_1_42' title="bbox 75 4763 964 4839; baseline 0.001 -18"><span class='ocrx_word' id='word_1_429' title='bbox 75 4763 189 4833; x_wconf 78' lang='lat' dir='ltr'>oificic’3</span> <span class='ocrx_word' id='word_1_430' title='bbox 210 4774 372 4837; x_wconf 83' lang='lat' dir='ltr'>magistratus</span> <span class='ocrx_word' id='word_1_431' title='bbox 392 4779 477 4823; x_wconf 88' lang='lat' dir='ltr'>antem</span> <span class='ocrx_word' id='word_1_432' title='bbox 497 4773 715 4839; x_wconf 83' lang='lat' dir='ltr'>qnipraecednnt</span> <span class='ocrx_word' id='word_1_433' title='bbox 734 4774 851 4838; x_wconf 89' lang='lat' dir='ltr'>principe</span> <span class='ocrx_word' id='word_1_434' title='bbox 870 4780 964 4822; x_wconf 86' lang='lat' dir='ltr'>carent.</span> 
     </span>
    </p>

    <p class='ocr_par' dir='ltr' id='par_1_8' title="bbox 74 4856 1411 5297">
     <span class='ocr_line' id='line_1_43' title="bbox 135 4856 1411 4932; baseline 0.003 -20"><span class='ocrx_word' id='word_1_435' title='bbox 135 4861 159 4924; x_wconf 81' lang='lat'>³)</span> <span class='ocrx_word' id='word_1_436' title='bbox 178 4863 219 4913; x_wconf 90' lang='lat' dir='ltr'>Ita</span> <span class='ocrx_word' id='word_1_437' title='bbox 238 4865 298 4914; x_wconf 92' lang='lat' dir='ltr'>Occ.</span> <span class='ocrx_word' id='word_1_438' title='bbox 314 4866 357 4928; x_wconf 85' lang='grc'>32,</span> <span class='ocrx_word' id='word_1_439' title='bbox 372 4867 406 4915; x_wconf 92' lang='grc'>61</span> <span class='ocrx_word' id='word_1_440' title='bbox 427 4867 485 4915; x_wconf 90' lang='lat' dir='ltr'>duci</span> <span class='ocrx_word' id='word_1_441' title='bbox 506 4865 657 4916; x_wconf 87' lang='lat' dir='ltr'>Pannoniae</span> <span class='ocrx_word' id='word_1_442' title='bbox 676 4867 801 4916; x_wconf 85' lang='lat' dir='ltr'>secundae</span> <span class='ocrx_word' id='word_1_443' title='bbox 821 4867 896 4916; x_wconf 88' lang='lat' dir='ltr'>datur</span> <span class='ocrx_word' id='word_1_444' title='bbox 912 4856 1043 4932; x_wconf 85' lang='lat' dir='ltr'>‘princeps</span> <span class='ocrx_word' id='word_1_445' title='bbox 1063 4867 1094 4916; x_wconf 90' lang='lat' dir='ltr'>de</span> <span class='ocrx_word' id='word_1_446' title='bbox 1114 4868 1205 4916; x_wconf 88' lang='lat' dir='ltr'>eodem</span> <span class='ocrx_word' id='word_1_447' title='bbox 1225 4858 1323 4915; x_wconf 80' lang='lat' dir='ltr'>offleio’</span> <span class='ocrx_word' id='word_1_448' title='bbox 1343 4865 1411 4927; x_wconf 87' lang='lat' dir='ltr'>(enm</span> 
     </span>
     <span class='ocr_line' id='line_1_44' title="bbox 75 4947 1411 5022; baseline 0.002 -17"><span class='ocrx_word' id='word_1_449' title='bbox 75 4956 210 5020; x_wconf 85' lang='lat' dir='ltr'>excipiunt</span> <span class='ocrx_word' id='word_1_450' title='bbox 230 4957 277 5016; x_wconf 88' lang='lat'>33,</span> <span class='ocrx_word' id='word_1_451' title='bbox 299 4957 332 5008; x_wconf 85' lang='grc'>67</span> <span class='ocrx_word' id='word_1_452' title='bbox 356 4947 486 5022; x_wconf 84' lang='lat' dir='ltr'>‘princeps</span> <span class='ocrx_word' id='word_1_453' title='bbox 511 4957 543 5008; x_wconf 91' lang='lat' dir='ltr'>de</span> <span class='ocrx_word' id='word_1_454' title='bbox 567 4959 657 5008; x_wconf 90' lang='lat' dir='ltr'>eodem</span> <span class='ocrx_word' id='word_1_455' title='bbox 682 4954 777 5008; x_wconf 83' lang='lat' dir='ltr'>officio’</span> <span class='ocrx_word' id='word_1_456' title='bbox 809 4959 881 5008; x_wconf 87' lang='lat' dir='ltr'>ducis</span> <span class='ocrx_word' id='word_1_457' title='bbox 894 4959 1015 5008; x_wconf 82' lang='lat' dir='ltr'>Valeriae</span> <span class='ocrx_word' id='word_1_458' title='bbox 1041 4966 1066 5008; x_wconf 88' lang='lat' dir='ltr'>et</span> <span class='ocrx_word' id='word_1_459' title='bbox 1086 4960 1134 5020; x_wconf 82' lang='lat'>34,</span> <span class='ocrx_word' id='word_1_460' title='bbox 1160 4960 1193 5008; x_wconf 79' lang='lat' dir='ltr'>ts</span> <span class='ocrx_word' id='word_1_461' title='bbox 1222 4947 1352 5022; x_wconf 80' lang='lat' dir='ltr'>‘princeps</span> <span class='ocrx_word' id='word_1_462' title='bbox 1379 4960 1411 5008; x_wconf 87' lang='lat' dir='ltr'>de</span> 
     </span>
     <span class='ocr_line' id='line_1_45' title="bbox 75 5039 1411 5116; baseline 0.001 -18"><span class='ocrx_word' id='word_1_463' title='bbox 75 5049 170 5098; x_wconf 88' lang='lat' dir='ltr'>eodem</span> <span class='ocrx_word' id='word_1_464' title='bbox 189 5039 306 5112; x_wconf 88' lang='lat' dir='ltr'>corpore’</span> <span class='ocrx_word' id='word_1_465' title='bbox 326 5049 397 5100; x_wconf 89' lang='lat' dir='ltr'>ducis</span> <span class='ocrx_word' id='word_1_466' title='bbox 411 5049 563 5101; x_wconf 88' lang='lat' dir='ltr'>Pannoniae</span> <span class='ocrx_word' id='word_1_467' title='bbox 583 5049 701 5114; x_wconf 87' lang='lat' dir='ltr'>primac);</span> <span class='ocrx_word' id='word_1_468' title='bbox 726 5051 787 5100; x_wconf 88' lang='lat' dir='ltr'>item</span> <span class='ocrx_word' id='word_1_469' title='bbox 808 5051 901 5111; x_wconf 89' lang='grc'>38,11</span> <span class='ocrx_word' id='word_1_470' title='bbox 922 5052 981 5100; x_wconf 90' lang='lat' dir='ltr'>duci</span> <span class='ocrx_word' id='word_1_471' title='bbox 999 5051 1118 5115; x_wconf 82' lang='lat' dir='ltr'>Belgicae</span> <span class='ocrx_word' id='word_1_472' title='bbox 1138 5051 1263 5100; x_wconf 85' lang='lat' dir='ltr'>secundae</span> <span class='ocrx_word' id='word_1_473' title='bbox 1280 5040 1411 5116; x_wconf 87' lang='lat' dir='ltr'>‘princeps</span> 
     </span>
     <span class='ocr_line' id='line_1_46' title="bbox 76 5133 1410 5208; baseline 0.001 -18"><span class='ocrx_word' id='word_1_474' title='bbox 76 5155 111 5190; x_wconf 86' lang='lat' dir='ltr'>ex</span> <span class='ocrx_word' id='word_1_475' title='bbox 130 5141 220 5190; x_wconf 86' lang='lat' dir='ltr'>eodem</span> <span class='ocrx_word' id='word_1_476' title='bbox 240 5137 366 5205; x_wconf 86' lang='lat' dir='ltr'>corpore&#39;,</span> <span class='ocrx_word' id='word_1_477' title='bbox 386 5157 443 5192; x_wconf 89' lang='lat' dir='ltr'>cum</span> <span class='ocrx_word' id='word_1_478' title='bbox 463 5143 487 5192; x_wconf 88' lang='lat' dir='ltr'>ei</span> <span class='ocrx_word' id='word_1_479' title='bbox 501 5143 544 5208; x_wconf 90' lang='lat' dir='ltr'>qui</span> <span class='ocrx_word' id='word_1_480' title='bbox 557 5143 685 5206; x_wconf 86' lang='lat' dir='ltr'>praecedit</span> <span class='ocrx_word' id='word_1_481' title='bbox 704 5143 762 5192; x_wconf 89' lang='lat' dir='ltr'>duci</span> <span class='ocrx_word' id='word_1_482' title='bbox 781 5143 900 5208; x_wconf 87' lang='lat' dir='ltr'>princeps</span> <span class='ocrx_word' id='word_1_483' title='bbox 920 5143 1046 5192; x_wconf 87' lang='lat' dir='ltr'>tribuatur</span> <span class='ocrx_word' id='word_1_484' title='bbox 1063 5133 1108 5193; x_wconf 81' lang='lat' dir='ltr'>‘ex</span> <span class='ocrx_word' id='word_1_485' title='bbox 1126 5142 1219 5194; x_wconf 79' lang='lat' dir='ltr'>officiis</span> <span class='ocrx_word' id='word_1_486' title='bbox 1232 5143 1410 5208; x_wconf 87' lang='lat' dir='ltr'>magistrorum</span> 
     </span>
     <span class='ocr_line' id='line_1_47' title="bbox 74 5223 422 5297; baseline 0.003 -13"><span class='ocrx_word' id='word_1_487' title='bbox 74 5233 187 5284; x_wconf 89' lang='lat' dir='ltr'>militum</span> <span class='ocrx_word' id='word_1_488' title='bbox 205 5223 422 5297; x_wconf 85' lang='lat' dir='ltr'>praesentalium&#39;.</span> 
     </span>
    </p>
   </div>
   <div class='ocr_carea' id='block_1_5' title="bbox 0 0 1734 5842">
    <p class='ocr_par' dir='ltr' id='par_1_9' title="bbox 0 0 1734 5842">
     <span class='ocr_line' id='line_1_48' title="bbox 0 0 1734 5842; baseline 0 0"><span class='ocrx_word' id='word_1_489' title='bbox 0 0 1734 5842; x_wconf 95' lang='lat' dir='ltr'> </span> 
     </span>
    </p>
   </div>
  </div>
 </body>
</html>
