3510 5828
291 535 338 606 14
720 555 993 607 anoruunuuuu
1020 554 1105 607 vou.
1125 556 1169 606 111
1578 558 1612 608 15

287 729 409 790 missos.
451 729 517 790 Nec
539 730 658 789 dubium
680 738 727 788 est
748 729 784 788 de
807 727 931 788 Graecis
953 729 1084 807 Aegypti
1110 728 1152 788 ita
1172 729 1273 806 aliquo
1300 729 1389 788 modo
1411 729 1528 788 civitate
1551 727 1617 787 Ro-

288 851 378 890 mana
398 833 601 910 impertiendis
628 841 788 910 propterea
809 831 939 918 maxime
960 835 1152 890 coustitutum
1179 849 1260 905 esse,
1287 839 1321 890 ut
1346 832 1415 890 iude
1441 833 1554 891 tirones
1580 832 1615 890 in

287 933 420 1010 legiones
447 935 650 1012 Aegyptiacus
677 935 736 1011 legi
767 943 900 1012 possent.
933 965 972 977 —
1005 933 1088 992 Idem
1121 934 1270 1010 colligitur
1301 953 1340 992 ex
1372 934 1452 994 tribu
1485 934 1615 993 militum

289 1038 550 1114 Aegyptiacorum.
598 1037 632 1095 In
658 1039 799 1115 Aegypto
827 1037 879 1112 qui
905 1045 1075 1095 meruerunt
1100 1037 1242 1114 perpauci
1271 1056 1310 1096 ex
1336 1036 1426 1096 ltalia
1456 1045 1486 1094 et
1513 1035 1617 1096 Gallia

288 1140 432 1212 homines,
453 1140 562 1199 tribum
584 1139 694 1199 habent
716 1157 788 1198 suas
810 1139 935 1215 quisque
957 1139 1091 1217 originis,
1113 1139 1316 1198 vercellensis
1338 1141 1510 1210 Aniensem,
1534 1137 1616 1215 Lug·

288 1241 430 1301 dunensis
453 1241 617 1312 Galeriam,
642 1253 672 1300 et
691 1242 770 1300 idem
792 1229 968 1300 observatur
988 1241 1018 1298 in
1041 1242 1142 1318 paucis
1163 1260 1240 1318 quae
1262 1261 1298 1300 ea
1319 1250 1415 1300 aetate
1436 1243 1467 1300 in
1491 1239 1617 1299 Oriente

287 1343 404 1403 fuerunt
434 1344 560 1403 coloniis
592 1344 800 1421 municipiisve
833 1343 939 1401 civium
966 1342 1185 1416 Romanorum,
1220 1352 1253 1402 ut
1279 1343 1456 1421 Berytensis
1487 1343 1614 1402 Fabiam

289 1447 377 1505 habet
403 1453 433 1506 et
458 1447 586 1506 fortasse
612 1447 716 1505 eodem
745 1447 809 1503 iure
836 1443 985 1504 Uticensis
1012 1443 1177 1518 Quirinam.
1226 1445 1348 1523 Reliqui
1375 1445 1486 1505 milites
1508 1464 1613 1504 omnes

289 1567 354 1606 cum
377 1548 497 1608 domum
519 1549 700 1626 adscriptam
723 1547 853 1607 habeant
874 1548 994 1607 civitate
1016 1547 1153 1606 Romana
1173 1555 1322 1608 carentem
1344 1548 1393 1606 vel
1419 1548 1492 1607 adeo
1515 1555 1618 1606 castra

288 1653 369 1728 ipsa,
402 1652 516 1710 scilicet
541 1651 742 1728 Aegyptiace,
775 1650 818 1707 ita
845 1649 876 1707 in
905 1649 1050 1728 legionem
1077 1650 1145 1709 lecti
1171 1651 1231 1710 sint
1256 1667 1377 1710 necesse
1404 1659 1462 1724 est,
1495 1660 1528 1709 ut
1552 1668 1616 1708 uua

289 1773 354 1812 cum
375 1753 493 1830 cingulo
515 1753 663 1812 civitatem
686 1753 864 1830 acciperent.
907 1751 943 1809 ld
965 1752 1034 1811 inde
1055 1753 1258 1825 confirmatur,
1279 1753 1359 1829 quod
1380 1772 1456 1830 quae
1477 1771 1542 1811 cum
1565 1753 1615 1811 his

289 1856 425 1915 domibus
447 1855 604 1915 coniuncta
623 1855 772 1914 invenitur
793 1855 889 1913 tribus
911 1855 982 1913 alibi
1003 1855 1064 1914 alia
1085 1863 1139 1914 est.
1180 1855 1228 1914 Ita
1248 1857 1279 1914 in
1301 1857 1358 1914 hoc
1379 1856 1447 1933 ipso
1469 1855 1617 1914 laterculo

290 1959 327 2017 ad
350 1957 478 2018 Tauium
500 1959 589 2017 modo
610 1957 713 2016 Pollia
735 1957 889 2033 adscripta
910 1965 965 2030 est,
989 1957 1078 2016 modo
1094 1955 1209 2036 Sergia,
1230 1958 1260 2016 iu
1276 1958 1389 2016 Dacico
1412 1965 1511 2016 autem
1533 1957 1623 2016 titulo

289 2061 363 2136 (vol.
380 2060 442 2134 III,
467 2061 560 2136 1803)
589 2058 726 2130 Colliua3
758 2059 881 2137 Ancyra
902 2079 970 2119 cunr
991 2061 1040 2118 hic
1062 2077 1180 2136 semper
1201 2079 1267 2119 cum
1289 2059 1392 2134 Pollia
1412 2061 1558 2138 iungatur,
1585 2061 1621 2119 in

288 2163 441 2223 laterculis
457 2163 577 2222 urbanis
600 2163 640 2239 (v.
656 2162 733 2239 Eph.
746 2161 792 2220 IV
814 2181 843 2238 p.
857 2160 932 2238 324)
954 2172 984 2220 et
1004 2163 1035 2220 in
1051 2162 1136 2220 titulo
1147 2163 1333 2238 Aquincensi
1348 2163 1438 2239 (Eph.
1450 2164 1483 2222 ΙΙ
1497 2183 1525 2222 n.
1540 2162 1616 2238 699)

290 2267 416 2326 Fabiam
442 2265 584 2337 adsumit;
611 2264 737 2323 candem
762 2263 890 2322 tortasse
912 2263 1033 2340 Paphos
1058 2265 1088 2323 in
1115 2265 1202 2324 titulo
1226 2263 1406 2324 Germanico
1432 2264 1616 2339 (Brambach

290 2367 438 2428 0.1.1tt.
464 2388 493 2426 n.
512 2367 623 2443 1408),
655 2385 730 2443 quae
756 2365 806 2425 bic
831 2366 869 2424 ad
898 2367 1060 2425 Aniensem
1087 2368 1228 2439 refertur3
1263 2368 1461 2426 Alexandrini
1487 2367 1617 2442 denique

289 2471 378 2530 huius
400 2469 537 2528 laterculi
558 2489 625 2528 cum
648 2487 751 2528 omnes
773 2469 834 2528 sint
852 2469 977 2543 Polliae,
997 2471 1030 2544 ¹in
1052 2468 1137 2528 titulo
1153 2468 1353 2546 Neapolitano
1376 2468 1411 2530 C.
1424 2469 1448 2529 Ι.
1462 2467 1515 2530 Gr.
1533 2468 1617 2528 5804

289 2573 437 2633 invenitur
457 2573 531 2632 civia
553 2591 655 2631 eorum
678 2572 849 2650 adscriptus
872 2571 1025 2646 Quirinus.
1430 2563 1434 2569 “

333 2675 423 2735 Cives
444 2675 500 2735 hos
522 2675 642 2734 civitate
663 2673 799 2746 Romana
819 2673 946 2733 donatos
968 2683 1080 2751 patrem
1105 2676 1165 2734 circ
1187 2694 1289 2735 omues
1311 2683 1425 2735 tantum
1455 2676 1553 2748 abest,
1582 2685 1618 2734 ut

291 2779 435 2851 offendat,
462 2785 496 2836 ut
516 2778 591 2836 adeo
613 2777 813 2836 coniecturum
842 2777 1009 2848 confirmem
1037 2796 1120 2850 nam,
1148 2783 1180 2834 ut
1205 2779 1280 2837 bene
1308 2779 1424 2837 monuit
1444 2777 1617 2838 Huelscnus

291 2890 401 2954 noster,
422 2880 523 2939 nullus
545 2897 645 2939 eorum
667 2888 782 2956 patrem
803 2879 893 2938 habet
913 2881 1105 2956 praenomine
1128 2879 1258 2954 diverso,
1281 2880 1309 2938 id
1335 2881 1414 2957 quod
1440 2881 1616 2958 praesertim

291 2987 322 3042 in
343 2985 431 3043 titulo
453 2983 517 3042 eius
539 2983 661 3054 aetatis,
690 3000 750 3058 qua
770 2983 993 3058 praenominum
1020 2975 1094 3042 usus
1117 2983 1212 3042 adhuc
1239 2983 1327 3059 plene
1353 2983 1483 3062 vigebat,
1504 2983 1618 3042 indicat

291 3095 391 3165 patres
413 3105 451 3144 ex
472 3086 553 3144 bona
573 3093 657 3163 parte
678 3085 803 3143 ficticios
825 3101 893 3143 esse
914 3093 945 3143 et
964 3104 1103 3144 unacum
1119 3087 1198 3144 tribu
1213 3095 1243 3144 ct
1258 3087 1377 3145 civitate
1392 3081 1617 3163 adsumptos¹).

334 3187 462 3248 Ouinam
483 3187 574 3247 tribui
594 3187 682 3246 huius
704 3187 823 3265 generis
844 3187 956 3246 tirones
977 3186 1225 3260 adscriberentur,
1248 3189 1312 3247 sine
1334 3187 1424 3246 dubio
1447 3205 1555 3266 magna
1577 3206 1617 3246 ex

293 3300 377 3368 parte
398 3291 435 3349 ab
457 3290 581 3349 arbitrio
602 3290 792 3367 imperatoris
814 3289 862 3347 rel
885 3290 940 3348 sub
963 3309 998 3348 eo
1019 3290 1093 3348 haec
1115 3292 1246 3349 curantis
1269 3290 1426 3366 pendebat,
1448 3309 1543 3366 neque
1559 3308 1617 3348 uos

293 3402 370 3452 certe
386 3410 573 3468 quaeremus,
585 3393 611 3450 ei
626 3395 746 3450 omnino
762 3391 798 3449 de
814 3410 850 3449 ea
864 3411 897 3450 re
912 3393 1050 3469 quaestio
1065 3393 1179 3451 institui
1191 3401 1299 3468 potest,
1311 3412 1365 3451 cur
1375 3391 1540 3451 Tavienses
1555 3401 1617 3450 tres

293 3496 323 3552 iu
343 3492 478 3572 Sergiam
500 3494 585 3553 relati
601 3494 670 3566 sint,
692 3493 870 3553 Nicaeensis
885 3495 915 3552 in
930 3494 1095 3570 Papiriam,
1116 3495 1251 3572 Paphius
1266 3497 1297 3553 in
1312 3495 1483 3567 Aniensem,
1504 3495 1618 3554 Parae·

293 3597 436 3656 toniensis
450 3599 481 3656 in
492 3597 661 3674 Pupiniam.
683 3596 753 3656 Non
768 3614 839 3656 casu
854 3605 952 3655 tamen
968 3597 1079 3656 iactum
1094 3607 1149 3668 est,
1164 3597 1243 3674 quod
1259 3598 1346 3674 longe
1361 3597 1494 3674 plerique
1510 3597 1617 3654 horum

293 3700 420 3758 rnilitum
436 3700 627 3759 inveniuntur
641 3699 783 3776 adscripti
797 3697 920 3771 Polliae,
932 3717 1028 3776 neque
1043 3701 1072 3758 id
1088 3709 1180 3758 totum
1193 3718 1302 3758 novum
1315 3709 1371 3758 est.
1393 3699 1526 3757 Eandem
1538 3700 1616 3757 enim

293 3803 403 3861 tribum
425 3822 496 3880 prae
519 3821 551 3861 se
566 3803 666 3860 serunt
681 3801 797 3874 milites,
819 3801 926 3877 quibus
942 3821 997 3878 pro
1011 3803 1126 3878 origine
1141 3811 1240 3860 castra
1254 3802 1406 3880 adscripta
1419 3809 1500 3872 sunt,
1522 3800 1619 3860 adhuc

293 3905 355 3964 noti
377 3923 490 3980 omues,
513 3923 608 3982 neque
630 3922 882 3982 supervacaneum
904 3905 961 3964 erit
982 3905 1119 3982 exempla
1140 3905 1237 3963 adhuc
1255 3903 1374 3964 iuventa
1389 3922 1566 3980 componere
1575 3899 1616 3980 ²).

294 4099 497 4108 -1—-.—

353 4236 377 4300 ¹)
396 4239 467 4288 Haec
485 4237 680 4303 praenominum
700 4238 779 4302 patris
798 4237 894 4304 filiique
913 4237 978 4288 ratio
998 4239 1076 4288 etiam
1100 4237 1176 4288 latius
1199 4236 1323 4304 pervenit.
1369 4236 1440 4287 Inter
1463 4236 1620 4302 legionarios

295 4332 382 4381 titulos
401 4331 502 4380 saeculo
521 4331 605 4395 primo
624 4321 733 4395 scriptos
752 4345 816 4395 quos
840 4332 963 4382 habemus
988 4332 1032 4396 qui
1054 4331 1131 4395 longe
1155 4331 1265 4395 primum
1291 4331 1374 4380 locum
1401 4337 1489 4380 tenent
1507 4330 1618 4394 Mogon-

295 4425 427 4484 tiacenses,
447 4439 480 4472 ex
499 4424 633 4486 sexaginta
651 4430 747 4488 septem
760 4422 925 4473 Brambaehii
943 4441 968 4474 ιι.
981 4425 1161 4474 1141—1225
1173 4437 1337 4487 ‚praenomen
1351 4430 1486 4487 utrumque
1500 4423 1620 4487 ponenti-

294 4517 342 4565 bus
361 4515 431 4565 XIII
449 4521 546 4564 tantum
567 4522 699 4579 paternum
720 4529 736 4564 s
754 4515 801 4564 fllii
820 4515 947 4565 diversum
971 4516 1079 4576 habent,
1104 4495 1171 4564 idem
1190 4515 1260 4564 LIV.
1303 4516 1363 4564 Iure
1386 4515 1447 4565 lude
1470 4515 1620 4578 colligemus

295 4608 322 4656 in
337 4607 376 4656 his
390 4622 491 4672 quoquc
504 4608 649 4672 complures
662 4615 749 4672 patres
762 4609 887 4657 recenseri
902 4625 958 4657 cum
973 4608 1074 4658 civitate
1088 4614 1114 4656 ct
1126 4613 1231 4672 propter
1243 4621 1300 4656 earn
1314 4608 1376 4657 iuris
1390 4607 1493 4657 fictione
1505 4606 1620 4657 effectos.

296 4725 329 4734 -
350 4699 497 4750 Posteriora
515 4707 599 4750 aetate
618 4700 709 4750 iratres
728 4701 842 4750 eiusdem
861 4700 1035 4766 praenominis
1054 4700 1148 4765 passim
1167 4701 1330 4764 reperiuntur
1348 4707 1374 4749 et
1392 4706 1526 4764 paternum
1546 4713 1621 4764 pras-

297 4807 391 4842 nomen
411 4792 444 4842 ad
463 4793 530 4843 tilios
550 4807 626 4858 saepe
645 4793 683 4843 ita
700 4792 753 4842 fere
772 4793 905 4843 descendit
923 4800 951 4842 ut
969 4793 1071 4858 patroni
1089 4792 1124 4842 ad
1142 4792 1256 4843 libertos.
1309 4833 1325 4846 ,.

353 4882 379 4950 ²)
402 4881 494 4934 Castra
512 4901 565 4936 non
583 4885 712 4950 adscripta
731 4885 798 4934 tribu
816 4886 978 4950 reperiuntur
1001 4885 1026 4934 in
1049 4885 1184 4949 privilegio
1208 4885 1269 4934 dato
1289 4899 1312 4935 a.
1328 4886 1379 4935 178
1403 4885 1483 4951 equiti
1507 4885 1621 4936 cohortis

295 4977 493 5028 INumidarum
510 4974 614 5028 Valerio
632 4973 720 5027 Valeri
730 4976 756 5040 J.
775 4973 875 5027 Valenti
892 4976 1005 5039 carobs)
1024 4977 1100 5042 (Eph.
1115 4977 1154 5027 IV
1174 4993 1198 5041 p.
1210 4977 1283 5040 504),
1302 4978 1363 5026 item
1382 4980 1477 5043 passim
1497 4977 1524 5027 in
1543 4979 1620 5028 later·

296 5071 359 5120 culis
384 5077 523 5120 castrorum
542 5069 808 5121 Lambaesitanorum.
851 5070 952 5120 Titulus
975 5069 1106 5120 votvm
1129 5086 1155 5119 ιι.
1170 5069 1255 5132 2950,
1281 5084 1357 5134 quem
1377 5071 1565 5120 Wilmaunsius
1588 5069 1621 5119 ad

296 5171 381 5212 castra
403 5165 496 5225 traxit,
526 5163 665 5213 secundnm
690 5162 833 5226 exemplum
858 5161 995 5214 SchmIdtii
1019 5164 1055 5212 sic
1079 5163 1165 5226 potitus
1190 5169 1240 5211 est:
1269 5159 1307 5210 M.
1327 5159 1421 5224 Iullu[a
1444 5160 1482 5212 M.
1494 5162 1532 5226 s.]
1563 5160 1622 5212 Pol.

300 5253 412 5320 Cast[us]
432 5271 484 5307 cor.
504 5256 553 5322 lay.
573 5253 635 5318 1[11
651 5253 730 5320 Aug]
