3518 5828
346 493 417 566 162
925 516 1108 568 nonusnn

347 693 472 748 centurio
494 689 592 748 adhue
614 689 721 764 opinor
742 690 773 747 in
795 689 961 748 classiariis
983 689 1058 748 solis
1080 697 1208 747 testatus
1230 690 1269 746 sit
1291 688 1336 761 (X
1352 707 1381 764 p.
1398 687 1500 762 1130).
1535 684 1595 746 Sed
1611 706 1678 745 cum

343 810 419 867 quae
442 792 472 849 in
494 811 527 849 re
548 791 670 850 militari
692 799 798 867 regnat
819 791 943 849 ambitio
965 792 1014 849 hic
1035 810 1071 849 eo
1094 808 1127 848 se
1148 791 1266 867 prodat,
1289 790 1368 866 quod
1390 789 1442 864 qui
1464 790 1599 848 centurio
1620 788 1677 846 fuit

340 911 399 950 non
423 893 480 950 sibi
507 893 656 951 satisfacit
682 892 830 951 communi
856 893 989 951 veterani
1016 892 1178 962 vocabulo,
1205 892 1400 950 nihilominus
1428 890 1586 966 aliquoties
1612 891 1676 947 eius

341 982 526 1052 condicionis
554 995 692 1053 homines
720 995 868 1052 communi
896 995 1029 1052 veterani
1059 993 1178 1052 nomine
1205 994 1338 1052 contenti
1366 993 1499 1062 fuerunt,
1531 1002 1564 1050 ut
1589 1001 1677 1050 extra

342 1095 463 1154 dubium
486 1105 533 1154 est
558 1096 589 1153 in
617 1096 727 1154 tribano
754 1115 787 1154 es
813 1094 973 1171 oenomao)
1002 1093 1036 1154 Ο.
1053 1095 1117 1166 ΙΙΙ,
1141 1095 1230 1154 3237.
1279 1096 1386 1170 ltaque
1412 1104 1571 1153 veteranos
1598 1093 1677 1152 nude

343 1196 439 1255 dictos
461 1215 564 1255 omnes
587 1198 707 1273 quidem
729 1197 852 1269 admisi,
883 1217 949 1255 cnm
972 1217 1032 1255 non
1055 1197 1166 1256 multos
1188 1197 1337 1256 intereos
1365 1213 1432 1255 esse
1454 1195 1602 1254 confidam
1625 1194 1676 1270 qui

342 1298 402 1355 sint
424 1319 462 1356 ex
482 1299 669 1370 centurione3
692 1299 828 1357 cautione
845 1299 1037 1358 nihilominus
1052 1300 1081 1357 in
1097 1299 1145 1358 his
1161 1298 1300 1357 utendum
1316 1307 1370 1356 est.
1406 1297 1454 1355 Ita
1470 1295 1504 1356 C.
1520 1296 1675 1354 Amardus

343 1397 522 1458 Saturninus
545 1411 691 1458 veteranus
713 1399 809 1476 now.
831 1421 878 1460 nn.
907 1421 940 1459 ec
963 1403 1070 1476 lapione
1092 1401 1216 1459 secanda
1238 1399 1375 1457 Parthico
1403 1407 1475 1476 post
1501 1398 1673 1456 missionem

343 1502 464 1560 decurio
486 1502 584 1560 iactus
606 1502 685 1579 apud
701 1501 830 1577 Ligures
846 1503 1015 1560 Baebianos
1031 1500 1081 1578 (C.
1097 1502 1156 1574 IX,
1175 1501 1268 1577 1459)
1285 1502 1380 1578 magis
1398 1501 1531 1558 ordinem
1547 1499 1676 1556 duxisse

342 1603 459 1662 videtur
481 1621 570 1678 quam
592 1605 623 1661 in
646 1605 750 1662 ordine
773 1605 928 1662 meruisse.

386 1703 446 1764 Sed
468 1705 526 1762 alio
548 1723 667 1780 quoque
690 1708 809 1764 nomine
832 1714 1040 1764 veteranorum
1062 1705 1140 1764 titali
1163 1706 1355 1782 ambiguitate
1382 1704 1534 1762 laborant:
1561 1701 1678 1762 scilicet

342 1806 577 1898 domum⁴quam
599 1809 754 1865 enuntiant
777 1827 835 1866 non
859 1825 926 1865 raro
948 1808 1051 1882 quaeri
1078 1817 1178 1884 potest
1205 1818 1304 1866 utrum
1331 1807 1490 1864 habuerint
1516 1815 1578 1863 tum
1606 1824 1674 1862 cum

340 1908 458 1983 probati
480 1916 550 1966 sunt
571 1928 608 1966 an
632 1928 697 1967 oum
721 1909 861 1967 missione
884 1909 929 1965 vel
951 1919 1020 1985 post
1040 1910 1215 1968 missionem
1236 1909 1441 1984 adquisierint
1478 1907 1527 1966 Ita
1541 1905 1675 1964 veterani

340 2009 400 2065 dno
423 2009 502 2067 tituli
523 2009 753 2085 Lugudunensis
776 2010 931 2084 (Boissieu
954 2030 982 2086 p.
1000 2011 1085 2086 306),
1108 2013 1159 2086 qui
1181 2012 1226 2069 sic
1247 2021 1409 2085 conceptus
1430 2021 1489 2068 est:
1512 2007 1555 2066 Μ.
1572 2007 1673 2065 Aurel.

338 2109 453 2169 Primus
475 2122 623 2170 veteranus
650 2112 740 2187 lep]
762 2112 807 2170 M.
836 2117 940 2172 missua
967 2114 1072 2171 honest.
1100 2117 1226 2172 mirsion.
1254 2115 1324 2171 civia
1346 2113 1451 2170 Rornae
1477 2111 1534 2170 sibi
1551 2111 1624 2182 facit
1650 2119 1677 2165 et

341 2211 371 2270 C.
387 2211 590 2288 Modestin(io)
606 2212 762 2288 Peregrina
783 2225 916 2272 acteone
939 2215 992 2289 lep.
1014 2217 1103 2273 elaad.
1119 2219 1204 2273 misso
1221 2215 1325 2272 honest.
1341 2216 1466 2271 mirsion.
1482 2216 1533 2268 αὐ.
1546 2209 1673 2286 Apripp.

338 2314 561 2389 coeit-uberach&
583 2316 652 2372 mibi
675 2318 825 2386 verissim,
850 2316 959 2373 milites
981 2317 1051 2374 faeti
1074 2334 1142 2375 esse
1158 2325 1286 2394 possunt
1299 2315 1405 2373 dilectu
1422 2313 1672 2372 Durocortorensi

336 2423 370 2473 et
392 2417 619 2493 Agrippinensi,
643 2417 787 2476 seditem
810 2427 880 2495 post
901 2418 1072 2477 missionem
1095 2418 1239 2493 originem
1263 2417 1414 2493 antiquam
1438 2413 1603 2473 mutavisse
1624 2432 1672 2470 ac·

340 2525 427 2594 cepto
449 2518 571 2594 praedio
593 2520 624 2576 in
646 2519 819 2579 civitatibus
840 2520 1022 2578 memoratis.
1056 2519 1222 2577 Veteranos
1245 2520 1310 2577 eius
1329 2518 1446 2595 generis
1463 2535 1540 2593 quos
1554 2513 1673 2590 repperi

340 2620 397 2676 etsi
421 2619 568 2695 adscripsi
590 2637 703 2690 omnes,
724 2622 823 2697 patria
845 2639 946 2679 eorum
968 2622 1113 2693 maxime,
1137 2621 1189 2697 qui
1210 2641 1275 2679 eam
1299 2639 1357 2678 non
1379 2638 1445 2677 curn
1468 2618 1597 2689 nomine,
1620 2615 1671 2674 scd

339 2730 410 2795 post
431 2721 633 2780 condicionem
656 2723 820 2796 enuntiant,
844 2741 902 2780 non
925 2731 987 2780 tuto
1009 2723 1047 2780 ad
1069 2722 1211 2780 dilectum
1235 2722 1387 2780 referetur.

382 2821 557 2882 Lntcroulus
579 2823 629 2898 qui
653 2825 784 2899 sequitur
806 2825 965 2901 primarius
989 2825 1038 2898 (J)
1062 2824 1170 2882 milites
1193 2831 1346 2881 enumerat
1367 2822 1592 2899 quadripertito.

384 2925 411 2982 1.
444 2925 634 2984 Praetoriani
649 2925 849 3003 provinciales
865 2926 1021 3001 incipiunt,
1038 2926 1151 3001 quibus
1163 2924 1328 3002 interposui
1343 2942 1456 3000 paucos
1471 2922 1670 2999 provinciales

314 3023 474 3100 'repertos
501 3027 579 3085 inter
606 3027 813 3086 urbanicianos
839 3039 869 3086 et
894 3027 1010 3104 vigiles.
1061 3024 1206 3103 Separari
1232 3029 1262 3085 in
1289 3027 1351 3084 illis
1377 3027 1427 3101 qui
1454 3025 1579 3083 fuerunt
1603 3031 1671 3083 ante

340 3125 482 3186 Severum
499 3128 556 3203 (A)
578 3136 607 3188 et
622 3129 806 3203 posteriores
828 3148 864 3187 eo
880 3128 948 3206 (B),
970 3130 1002 3187 id
1022 3128 1103 3204 quod
1125 3139 1271 3204 quatenns
1287 3128 1450 3205 pendemus
1465 3147 1504 3184 ex
1518 3125 1670 3184 laterculis

338 3227 426 3286 facile
447 3231 614 3305 perficitur,
643 3249 708 3288 cum
735 3231 772 3289 de
799 3249 899 3289 eorum
929 3239 1026 3289 aetate
1052 3230 1083 3287 in
1110 3231 1280 3290 universum
1307 3236 1432 3288 constet.
1480 3226 1670 3305 Sepulerales

339 3329 419 3387 tituli
441 3331 536 3388 utrius
558 3333 670 3390 saeculi
693 3333 762 3405 sint,
785 3349 875 3408 saepe
891 3331 1061 3408 ambiguum
1076 3341 1132 3404 est,
1155 3351 1209 3390 nec
1224 3339 1324 3391 tamen
1340 3347 1455 3389 errores
1471 3330 1536 3388 eius
1552 3328 1669 3406 generis

339 3449 358 3487 a
379 3449 426 3488 me
448 3432 598 3490 commissi
621 3433 744 3491 multum
767 3435 924 3506 nocebunt,
946 3452 1013 3491 eum
1036 3434 1118 3510 leges
1140 3434 1266 3492 dilectus
1284 3452 1323 3491 ex
1339 3431 1413 3491 solis
1428 3431 1581 3490 laterculis
1596 3430 1670 3488 satis

339 3531 485 3590 eluceant
513 3567 554 3577 -
582 3533 680 3592 Huius
704 3535 818 3594 ordinis
842 3536 950 3594 milites
973 3535 1173 3610 provinciales
1197 3533 1309 3594 Severo
1332 3535 1496 3592 anteriores
1517 3530 1670 3607 desumpsi

339 3651 378 3690 ex
401 3635 612 3694 commentario
634 3656 729 3713 nuper
755 3637 834 3696 edito
862 3636 970 3696 Oseari
993 3636 1080 3694 Bohn
1106 3636 1175 3694 iiber
1201 3639 1247 3694 die
1268 3635 1382 3694 Heimat
1409 3636 1459 3692 der
1479 3631 1670 3691 Prdtora'caer

339 3733 488 3808 (Berolini
515 3735 607 3812 1883)
635 3739 739 3814 paucis
763 3739 873 3797 additis
897 3738 1062 3796 mutatisve.
1106 3738 1142 3796 In
1164 3737 1364 3813 praetorianis
1387 3734 1498 3796 Severo
1524 3734 1669 3811 posterio-

339 3837 421 3894 ribus
445 3847 563 3898 secutus
585 3856 660 3912 sum,
683 3849 716 3898 ut
738 3840 811 3912 dixi,
838 3841 1026 3916 potissimum
1048 3839 1210 3899 laterculos
1233 3840 1327 3899 editos
1349 3838 1426 3897 alios
1448 3839 1480 3895 in
1502 3834 1538 3896 Ο.
1555 3836 1615 3893 vol.
1628 3833 1669 3891 Vl

338 3957 366 3995 n.
381 3936 461 3996 2385
485 3938 685 4015 (emendatius
700 3942 779 4017 Eph.
792 3941 838 3999 lV
860 3963 889 4019 p.
903 3940 961 4000 327
986 3961 1014 3999 n.
1029 3941 1103 4014 8963
1126 3942 1196 4000 unni
1219 3950 1266 4000 est
1282 3939 1354 4016 209>
1375 3947 1405 3999 et
1419 3939 1571 4014 deinceps,
1593 3937 1668 3995 alios

340 4040 523 4114 compositos
548 4042 759 4102 aBormanno
781 4043 859 4120 Eph.
875 4042 920 4101 tv
942 4062 970 4119 p.
986 4043 1055 4102 324.

379 4139 407 4198 2.
451 4140 648 4220 Legionarios
671 4144 884 4221 provinciales,
910 4145 959 4221 qui
982 4145 1126 4221 originem
1149 4145 1331 4221 adscriptam
1353 4145 1478 4214 habent,
1506 4139 1669 4200 secundnm

336 4240 471 4318 legiones
494 4247 649 4320 composui
671 4247 701 4304 in
723 4246 864 4306 laterculo
886 4245 980 4306 altero
1002 4245 1078 4323 (II),
1101 4248 1261 4306 secundum
1284 4247 1414 4323 origines
1435 4247 1466 4304 in
1488 4245 1546 4302 hoc
1567 4242 1670 4301 remis·

337 4342 422 4400 sione
445 4343 524 4403 facta
545 4347 583 4404 ad
605 4348 742 4407 alterum.

381 4445 409 4502 3.
453 4446 689 4507 Auxiliariorum
711 4450 804 4510 index
826 4451 983 4527 bipertitus
1005 4459 1061 4510 est.

379 4544 417 4603 A.
453 4547 576 4608 Alarum
600 4561 630 4609 et
651 4553 815 4610 cohortium
838 4552 993 4622 vocabula,
1014 4570 1091 4627 quae
1113 4553 1234 4628 quidem
1256 4571 1275 4610 a
1296 4551 1406 4611 dilectu
1427 4548 1572 4628 primario
1594 4546 1670 4606 deri·

338 4653 409 4704 vata
431 4647 544 4725 sint1),
578 4653 619 4710 ita
641 4653 812 4729 composui,
847 4663 880 4711 ut
906 4673 960 4729 pro
987 4652 1180 4712 fundamento
1207 4673 1355 4713 sumerem
1381 4653 1509 4711 indicem
1536 4648 1671 4726 corporis

342 4791 545 4802 -——.,

398 4877 421 4940 ¹)
442 4879 568 4944 Intellego
588 4895 653 4944 qnae
673 4881 802 4932 ethnicum
816 4883 950 4934 enuntiant
964 4896 1011 4947 per
1022 4883 1209 4933 substantivum
1221 4883 1341 4948 genetivo
1353 4881 1459 4946 plurali3
1480 4879 1608 4930 adieetive
1620 4877 1671 4926 lor-

340 4976 409 5020 mata
428 4972 534 5022 nomina
553 4978 640 5022 notum
661 4979 699 5022 est
722 4975 798 5024 aliam
819 4957 948 5038 originem
971 4975 1100 5039 aliamque
1125 4975 1324 5039 explicationem
1347 4973 1451 5023 habere.
1497 4973 1598 5022 Horum
1620 4985 1670 5020 non

338 5062 423 5126 recepi
442 5063 492 5113 nisi
512 5079 577 5128 quae
597 5078 642 5127 per
661 5067 839 5131 exceptionem
853 5067 1008 5118 adiectivum
1022 5081 1069 5131 pro
1084 5066 1243 5118 substantivo
1257 5067 1428 5129 admiserunt;
1448 5079 1509 5116 nam
1522 5071 1583 5116 sunt
1595 5076 1671 5128 qrrae·

340 5153 400 5204 dum
420 5155 540 5219 exempla
559 5156 618 5206 lieet
638 5171 696 5207 rara
715 5158 770 5207 eins
789 5173 850 5208 usus
869 5159 909 5208 vel
927 5159 1012 5222 potius
1031 5157 1133 5210 abusus.
