3518 5828
344 497 413 567 112
918 511 1101 564 uanusnn

1556 609 1677 622 ——fl

339 699 569 747 consentaneum
593 695 648 746 est.
682 687 897 744 Procuratores
913 685 1067 762 regionum
1083 685 1141 743 duo
1157 703 1283 760 quorum
1299 684 1367 743 inde
1382 684 1484 760 elogia
1498 685 1677 761 prodierunt

339 790 470 849 libertini
494 797 613 849 suntet
634 788 728 847 intimi
751 788 880 858 ordinis,
913 788 1018 864 quales
1041 795 1197 863 praeterea
1217 787 1356 845 novimus
1379 786 1473 844 saltus
1496 785 1677 861 Massipiani

340 901 368 950 et
389 892 504 950 castelli
528 886 754 964 Burunitani1).
799 889 913 947 Horum
936 889 1073 946 condicio
1098 906 1245 964 quaenam
1273 888 1377 961 fuerit,
1406 888 1608 946 illustrabitur
1635 887 1676 946 iis

341 1012 416 1069 quae
437 1012 509 1051 mox
531 992 673 1050 dicentur.

384 1095 560 1152 Adiutorum
582 1093 722 1151 tabularii
745 1094 809 1151 sire
831 1092 1046 1151 tabulariorum
1070 1092 1152 1166 (nam
1175 1103 1206 1151 et
1227 1093 1388 1170 singularis
1406 1101 1435 1150 et
1449 1092 1573 1168 pluralis
1589 1109 1675 1168 repe-

340 1197 416 1254 ritur
437 1195 635 1272 perscriptus)
657 1213 724 1252 eum
747 1214 884 1271 magnam
908 1195 1024 1270 copiam
1049 1194 1126 1251 tituli
1150 1202 1209 1253 tam
1226 1195 1324 1253 Italici
1346 1213 1434 1270 quam
1451 1193 1677 1270 provinciarum

342 1297 544 1374 suppeditent,
577 1297 628 1373 qui
655 1315 755 1354 eorum
783 1297 813 1354 in
841 1296 949 1355 ciliciis
977 1296 1099 1354 urbanis
1127 1304 1298 1366 versantur,
1330 1296 1361 1353 id
1387 1297 1485 1372 ipsum
1515 1313 1574 1353 non
1603 1313 1677 1352 raro

341 1400 510 1470 enuntiant,
543 1397 718 1473 praesertim
751 1398 1013 1456 honoratissimum
1047 1397 1179 1456 omnium
1211 1417 1229 1455 a
1260 1396 1481 1474 rationibus²)‚
1517 1397 1570 1454 sed
1602 1397 1678 1453 item

341 1501 500 1560 vicesimae
521 1498 769 1574 hereditatiumt)
803 1499 934 1574 aliaque;
968 1507 1072 1556 contra
1093 1501 1144 1574 qui
1167 1501 1338 1558 ministrant
1364 1501 1394 1558 in
1419 1499 1579 1558 tabulariis
1606 1517 1678 1574 pro-

341 1603 519 1674 vinciarum,
553 1609 669 1676 praeter
691 1601 917 1676 provinciam4)
951 1617 1058 1659 munus
1080 1601 1278 1660 determinare
1301 1620 1360 1660 non
1383 1601 1495 1674 solent,
1529 1610 1558 1658 et
1585 1599 1680 1678 primi

343 1712 413 1762 sunt
435 1704 465 1761 ni
486 1702 577 1760 fallor
599 1701 658 1760 duo
680 1702 759 1760 tituli
781 1721 871 1779 supra
892 1701 979 1760 relati
1002 1713 1031 1760 et
1053 1703 1149 1762 adhuc
1171 1703 1238 1774 soli,
1261 1705 1311 1779 qui
1327 1703 1532 1780 exceptionem
1551 1701 1680 1760 faciant.

343 1805 535 1864 Tributorum
559 1813 658 1863 autem
681 1803 924 1876 additamentum,
947 1813 1088 1880 quantum
1112 1815 1246 1882 apparet,
1268 1805 1298 1863 id
1320 1804 1523 1864 tantummodo
1539 1805 1680 1863 enuntiat

343 1907 422 1984 qnod
444 1907 483 1965 ad
505 1925 607 1964 omnes
629 1907 683 1964 hos
705 1906 808 1964 titulos
829 1905 965 1983 pervenit
973 1926 981 1976 3
1003 1925 1071 1964 nam
1095 1907 1274 1966 tabularium
1302 1917 1331 1966 et
1351 1909 1408 1965 hoo
1430 1907 1590 1983 etreliqua
1605 1924 1679 1981 pro·

343 2009 484 2068 vincialia
506 2008 681 2066 tributorum
704 2025 797 2066 eausa
816 2008 979 2066 eonstituta
995 2017 1073 2066 sunt.
1089 2041 1129 2051 -
1146 2007 1259 2067 Contra
1272 2011 1389 2068 adiutor
1403 2009 1531 2066 tabulari
1543 2027 1562 2065 a
1576 2026 1680 2066 mensa

351 2111 474 2186 Vupeaei
495 2118 524 2168 et
546 2129 581 2168 eo
603 2109 722 2169 nomine
744 2128 763 2166 a
784 2109 907 2185 collegis
928 2108 1035 2181 differt,
1058 2110 1137 2186 quod
1159 2111 1316 2168 libertinus
1338 2118 1394 2181 est,
1416 2110 1522 2186 reliqui
1546 2128 1606 2168 uno
1622 2127 1685 2168 ex-

344 2221 430 2289 cepto
453 2211 541 2283 servi,
565 2220 594 2269 et
612 2212 797 2288 aliquantum
812 2210 885 2268 facit
899 2211 935 2267 ad
952 2211 1137 2270 tributariam
1154 2211 1443 2270 administrationem
1459 2211 1678 2270 elucidandam.

344 2313 492 2389 Iungendi
514 2323 612 2371 autem
635 2321 706 2370 sunt
726 2331 792 2370 cum
816 2313 873 2370 hoc
895 2311 980 2370 titulo
1007 2312 1058 2370 alii
1085 2313 1157 2384 dno,
1186 2313 1260 2372 alter
1287 2332 1324 2372 ex
1353 2313 1456 2371 eodem
1484 2321 1680 2370 monumento

345 2416 481 2492 prolatus
504 2416 711 2491 dispensatoria
734 2416 857 2490 capionis
880 2413 1065 2490 Tluppeneia
1087 2434 1155 2472 nam
1178 2433 1282 2474 mensa
1303 2423 1337 2472 ut
1357 2433 1456 2474 arcam
1477 2414 1614 2491 requirit,
1635 2414 1680 2472 ita

346 2517 537 2594 dispensator
563 2534 680 2594 quoque
713 2515 762 2574 nbi
795 2515 891 2588 adest,
925 2515 966 2573 ibi
1000 2535 1071 2575 arca
1099 2517 1190 2575 fuerit
1220 2534 1343 2575 necesse
1373 2525 1434 2588 est,
1468 2516 1679 2594 colligiturque

345 2620 414 2678 hinc
436 2626 468 2677 ut
483 2619 585 2695 Vagae
606 2619 650 2676 ita
664 2617 808 2697 Thuggae
830 2637 948 2696 quoque
970 2636 1102 2678 mensam
1123 2618 1232 2690 suisse3
1254 2617 1330 2675 alter
1351 2621 1521 2696 nuperrime
1539 2625 1680 2694 repertus

345 2740 438 2798 prope
461 2721 595 2779 Avittam
616 2719 742 2778 Bibbam
765 2720 867 2796 hio⁵):
904 2721 1003 2780 Veneri
1028 2719 1204 2796 Aramaua)
1226 2719 1367 2795 sacham)
1390 2720 1494 2778 Deliae
1517 2718 1681 2778 Abascaati

347 2822 500 2898 Aup(risti)
527 2821 632 2897 vil(ici)
659 2821 813 2898 eic(uriae)
843 2823 979 2882 teloneum
1005 2843 1023 2880 a
1043 2824 1242 2896 stradamenta'e
1269 2840 1323 2879 aua
1349 2824 1477 2897 impensa
1503 2825 1629 2880 restituit
1654 2829 1681 2877 et

347 2925 511 3000 ampliauit,
539 2924 589 2982 ubi
615 2943 682 2982 eum
708 2933 831 3000 propter
857 2925 955 2983 locum
983 2925 1071 2982 situm
1099 2924 1129 2981 in
1156 2923 1254 2981 media
1275 2923 1378 2981 Africa
1407 2922 1615 2998 proconsulari
1642 2921 1680 2979 de

347 3027 480 3104 portorio
512 3025 636 3101 cogitari
669 3044 730 3083 non
762 3026 870 3103 possit,
910 3021 1093 3100 τιλωνεῖονθ)
1127 3027 1207 3101 quod
1239 3026 1296 3083 fuit
1332 3025 1454 3082 Avittae
1494 3024 1550 3082 snb
1589 3023 1679 3081 vilico

348 3129 475 3204 Augusti
503 3127 567 3185 inre
594 3135 786 3204 componetur
811 3147 876 3187 cum
903 3145 1008 3187 mensa
1032 3128 1166 3205 Vagensi
1195 3137 1277 3186 recta
1307 3127 1345 3184 ab
1372 3126 1506 3184 adiutore
1538 3124 1681 3183 tabularii

350 3228 606 3305 Carthaginiensis
621 3229 751 3304 Augusti
769 3229 886 3288 liberto.
924 3228 1047 3289 Scilicet
1068 3228 1246 3287 tabularium
1268 3227 1343 3286 illud
1366 3228 1408 3286 ita
1426 3226 1597 3285 ordinatum
1612 3227 1680 3298 fuit,

349 3343 381 3389 ut
401 3350 454 3408 per
476 3331 609 3407 singulas
631 3337 745 3389 tractus
764 3328 1021 3407 Carthaginiensis
1044 3331 1180 3407 regiones
1204 3330 1356 3405 (nimirum
1380 3328 1493 3387 ordinis
1515 3328 1681 3400 inferioris,

349 3451 407 3492 non
430 3450 466 3490 eo
488 3450 587 3503 sensu,
610 3451 669 3508 quo
691 3432 773 3508 regio
795 3434 1005 3510 aequiparatur
1020 3432 1139 3508 tractui)
1156 3442 1186 3490 et
1200 3440 1409 3507 procuratores
1424 3449 1473 3489 res
1488 3429 1682 3488 administra-

349 3545 415 3592 rent
436 3533 548 3592 ordinis
569 3533 699 3592 libertini
722 3542 751 3590 et
773 3535 827 3592 sub
848 3535 885 3592 iis
907 3553 1028 3592 mensae
1049 3534 1168 3592 fiscales
1192 3534 1255 3592 sive
1278 3535 1408 3589 τελωνεῖα
1426 3532 1684 3590 constituerentur

349 3635 521 3712 praeposito
544 3636 679 3694 adiutore
700 3635 876 3712 adiectoque
897 3635 1104 3712 dispensatore
1126 3645 1156 3693 et
1176 3635 1264 3694 vilico
1290 3653 1357 3692 oum
1385 3633 1496 3692 vicario
1522 3634 1600 3705 eius,
1627 3653 1684 3708 per

350 3755 425 3816 quas
447 3755 566 3796 mensas
588 3738 677 3796 fiscus
699 3756 776 3813 quae
798 3737 943 3796 solvenda
964 3746 1049 3796 erant
1077 3747 1259 3809 numeraret,
1286 3754 1362 3812 quae
1384 3734 1568 3812 praestanda
1595 3743 1684 3792 erant

350 3839 506 3915 acciperet.
544 3836 689 3898 Similiter
710 3840 739 3896 in
756 3841 895 3915 Aegypto
918 3840 972 3898 sub
988 3839 1169 3898 Ptolemaeis
1193 3857 1245 3913 per
1268 3837 1402 3914 singulos
1419 3853 1523 3896 nomos
1539 3829 1683 3918 τράπεζαι

349 3929 502 4004 βασιλικαὶ
524 3941 703 4000 constitutae
724 3941 893 4017 fnerurw),
927 3941 1102 4016 videturque
1121 3941 1199 3998 idem
1225 3939 1392 3997 institutum
1419 3955 1601 4014 quamquam
1628 3956 1685 3996 no·

351 4087 553 4097 —-—-·-—-

412 4171 435 4233 ¹)
455 4173 485 4223 C.
499 4171 568 4224 VIII
586 4173 667 4238 prasi.
687 4189 712 4238 p.
726 4173 807 4224 XVII
825 4189 851 4223 ιι.
866 4175 891 4223 2.

408 4261 433 4325 π)
452 4263 601 4314 Hirschfeld
624 4261 939 4332 Veiaualtunpsqeachiehte
958 4265 971 4315 1
990 4281 1015 4329 p.
1030 4263 1073 4313 33.

409 4351 434 4416 ²)
453 4355 601 4406 Hirschfeld
619 4357 637 4406 l.
648 4373 669 4406 c.
688 4373 713 4423 p.
728 4356 770 4408 68.

408 4443 433 4508 ¹)
454 4446 484 4498 C.
498 4448 519 4497 1.
533 4449 563 4498 L.
582 4448 625 4498 111
649 4465 676 4513 p.
692 4449 770 4500 113³.
822 4449 875 4502 Sed
899 4450 926 4499 in
952 4448 1085 4499 Africanis
1114 4447 1193 4497 titulis
1221 4447 1356 4512 provincia
1383 4445 1467 4496 adhue
1495 4450 1602 4510 reperta
1630 4461 1685 4494 non

353 4545 391 4586 est
410 4544 435 4587 et
454 4538 515 4588 alibi
535 4555 636 4604 quoque
655 4555 713 4590 raro
731 4542 886 4604 enuntiatur,
907 4547 994 4604 utpote
1014 4555 1090 4606 quam
1110 4541 1181 4590 locus
1200 4541 1262 4589 satis
1280 4539 1381 4604 prodat.

412 4627 435 4691 ⁵)
454 4629 522 4679 Eum
548 4633 661 4696 repperit
683 4633 704 4682 1.
729 4633 852 4684 Poinssot
874 4635 901 4683 in
923 4633 1058 4683 ruderibus
1087 4630 1215 4681 Henschir
1241 4631 1369 4682 Mehimes
1388 4629 1430 4680 111
1455 4629 1514 4679 chil.
1539 4629 1573 4677 ab
1603 4628 1687 4676 Arita

353 4721 437 4771 Bibba
454 4721 522 4771 inter
540 4723 674 4772 meridiem
694 4729 719 4772 et
738 4725 895 4775 occidentem
916 4725 1047 4790 ediditque
1071 4725 1098 4774 iu
1118 4723 1176 4789 eph.
1197 4722 1323 4774 Oranensi
1342 4719 1455 4772 Bullatiu
1478 4719 1523 4770 des
1546 4716 1686 4785 Mtiquitdr

353 4812 586 4876 asricainearol.1
616 4813 708 4875 (1883)
738 4831 762 4880 p.
778 4816 844 4880 313;
874 4832 972 4867 mecum
1000 4817 1233 4866 communicaverat
1255 4821 1315 4865 ante
1338 4829 1413 4879 quam
1434 4813 1550 4878 prodiret
1574 4811 1686 4862 Carolus

353 4905 448 4955 Tissot.

412 4995 437 5058 6)
461 4993 587 5046 Telesiam
619 4994 743 5060 Circense,
772 4999 840 5064 quod
868 5000 1003 5052 Renierius
1027 5018 1058 5051 ex
1085 5001 1160 5050 titulo
1185 5005 1305 5063 corrupto
1335 4998 1364 5048 C.
1378 4997 1458 5058 VIII,
1484 4995 1557 5046 6956
1582 4995 1686 5044 efficere

354 5087 442 5150 voluit,
463 5085 524 5138 inde
543 5089 649 5139 minime
667 5089 790 5141 firmatur.

411 5175 435 5240 7)
456 5181 599 5230 Lumbroso
620 5178 740 5234 &eunomia
757 5182 880 5250 polilique
899 5183 929 5234 de
950 5163 1072 5252 l'llyypte
1091 5200 1116 5249 p.
1132 5185 1184 5234 330
1203 5197 1256 5247 seq.
