3518 5828
476 512 780 568 ossanvsmonns
801 513 1085 566 serenissima.
1378 485 1448 561 153

126 613 307 628 ——on—

115 691 217 767 itaque
243 693 399 747 versantur
424 687 456 746 in
479 687 518 746 iis
543 688 605 746 iere
632 687 741 747 milites
764 687 888 746 militiae
906 688 1038 745 urbanae
1058 692 1088 743 et
1108 685 1238 744 omnium
1256 685 1385 743 maxime
1411 703 1450 742 ex

115 792 276 870 practorio.
299 787 384 863 Quae
400 795 498 847 autem
515 807 607 868 supra
621 789 816 867 exposuimus
832 789 869 847 de
884 788 992 847 oidoiis
1005 807 1059 864 per
1071 795 1212 846 evocatos
1224 787 1449 858 administratis,

116 913 220 954 eornm
240 892 382 970 pleraque
404 891 447 948 ita
468 900 642 968 comparata
656 901 732 964 sunt,
755 901 862 949 utnon
878 901 937 948 tam
953 890 1073 967 proprie
1089 897 1284 960 evocatorum¹
1294 889 1451 948 videantur

114 1016 204 1074 quam
226 994 395 1052 communia
414 993 538 1051 militiae
562 995 690 1052 urbanae
713 993 878 1052 universae.
902 993 1029 1070 Egregie
1043 989 1226 1051 Schmidtius
1242 991 1451 1049 animadvertit

116 1099 160 1175 (p.
177 1095 252 1172 341)
274 1103 429 1153 evocatum
452 1095 600 1171 quendam
621 1093 671 1170 (G.
687 1095 741 1167 Vl,
758 1094 852 1170 2454)
874 1095 904 1152 in
920 1095 1018 1171 caliga
1033 1094 1185 1152 etiamtum
1200 1093 1373 1152 libratorem
1390 1111 1450 1150 me·

115 1200 225 1270 ruisse,
248 1207 281 1256 ut
302 1197 332 1254 in
353 1198 410 1255 boc
433 1196 588 1256 evidenter
609 1196 741 1256 officium
760 1214 819 1256 nou
839 1197 877 1254 ab
897 1197 1071 1255 evocatione
1085 1197 1225 1272 coeperit,
1249 1194 1301 1253 sed
1316 1213 1368 1270 per
1382 1211 1451 1251 evo·

114 1302 262 1362 cntionem
284 1298 442 1374 stipendiis
464 1299 597 1374 expletis
620 1298 824 1357 continuatum
845 1299 893 1357 sit.
932 1297 1077 1358 Similiter
1090 1305 1231 1356 evocatus
1247 1296 1298 1354 iile
1313 1296 1359 1353 vir
1374 1295 1451 1352 miii·

114 1405 188 1462 taris
209 1400 398 1478 disciplinae,
422 1401 509 1460 cuius
534 1401 715 1477 gromaticus
735 1407 839 1458 auctor
857 1399 1000 1468 meminit,
1023 1407 1114 1457 artem
1131 1416 1216 1456 suam
1232 1416 1291 1456 non
1307 1405 1450 1456 evocatus

116 1503 235 1574 didicit,
262 1501 315 1561 sed
337 1522 392 1578 per
413 1503 571 1561 militarem
594 1502 784 1579 disciplinam
807 1503 845 1560 ad
868 1519 932 1558 eam
955 1501 1108 1558 institutus
1130 1501 1160 1558 in
1182 1501 1287 1558 eodem
1309 1501 1377 1558 loco
1399 1499 1451 1557 sti·

115 1605 235 1684 pendiIs
256 1604 387 1662 emeritIs
409 1605 584 1681 permansit.
620 1603 660 1662 Et
681 1615 713 1662 ut
728 1623 788 1662 uno
804 1603 894 1662 verbo
910 1621 970 1660 rem
987 1603 1178 1679 complectar,
1194 1602 1268 1660 baec
1284 1601 1355 1660 mihi
1371 1601 1451 1659 vide·

114 1719 164 1767 tur
179 1725 271 1766 cansa
292 1724 359 1765 esse
381 1706 509 1764 instituti
535 1713 725 1764 evocatorum
739 1707 880 1782 Augusti,
903 1705 1004 1781 utqui
1027 1723 1080 1782 per
1099 1703 1235 1761 militiam
1251 1705 1396 1762 urbanam
1412 1703 1449 1760 ad

114 1829 213 1869 rerum
240 1809 427 1885 publicarum
453 1817 554 1884 partes
576 1827 629 1884 per
653 1807 796 1866 militares
822 1808 904 1864 viros
930 1817 990 1864 tum
1014 1805 1203 1882 potissimum
1226 1805 1449 1863 administratas

115 1911 245 1971 instituti
267 1919 299 1969 et
318 1910 438 1968 formati
461 1919 576 1980 essent,
603 1909 649 1968 vel
672 1919 742 1986 post
768 1909 918 1986 stipendia
938 1909 1060 1983 expleta
1085 1908 1115 1965 in
1138 1907 1241 1966 eadem
1265 1907 1450 1978 condicione,

116 2014 183 2072 loco
205 2021 304 2070 tamen
326 2019 360 2067 ιιι
380 2030 435 2087 par
449 2017 515 2068 erat
535 2012 735 2082 honoratiore,
759 2021 845 2070 aucto
861 2028 978 2086 quoqne
994 2009 1105 2068 salario
1121 2017 1150 2066 et
1165 2011 1334 2086 insignibus
1351 2018 1451 2068 centu·

116 2114 239 2174 rIonicis
261 2112 398 2172 exornati
424 2113 629 2172 retinerentur.
673 2113 756 2170 Inter
778 2112 935 2189 privilegia
962 2111 1084 2169 militiae
1106 2113 1239 2170 urbanae
1266 2121 1295 2170 et
1322 2111 1450 2170 maxime

116 2214 374 2294 praetorianorum
397 2214 480 2289 (nam
497 2215 535 2273 ad
550 2215 665 2288 reliqua
680 2233 790 2292 genera
805 2215 1007 2273 evocationem
1027 2213 1091 2271 iure
1105 2213 1201 2290 magis
1216 2214 1344 2273 vidimus
1360 2232 1451 2288 quam

115 2337 150 2376 re
170 2298 366 2392 pertinuisse)
389 2316 447 2372 boc
469 2316 533 2374 siue
553 2315 643 2374 dubio
666 2334 725 2374 non
748 2316 885 2374 ultimum
909 2317 978 2390 iuit3
1001 2337 1068 2377 nam
1092 2320 1123 2376 in
1146 2315 1263 2393 legione
1285 2321 1335 2393 qui
1359 2333 1450 2374 mere·

115 2421 168 2478 bat
190 2419 237 2476 vel
259 2418 289 2474 in
311 2417 434 2476 auxiliis
457 2434 552 2492 neque
574 2418 612 2475 ad
634 2417 722 2475 vitem
745 2426 936 2493 pervenerat,
965 2420 1121 2496 stipendiis
1144 2419 1286 2495 expletis,
1308 2425 1450 2494 quantum

116 2526 257 2598 apparet,
284 2537 350 2577 cnm
372 2518 463 2576 vellet
490 2518 626 2577 militiam
648 2519 821 2577 continuare
848 2539 907 2579 non
935 2533 1066 2598 poterat,
1094 2521 1147 2580 sed
1173 2520 1313 2596 praemiis
1335 2525 1450 2576 vetera-

116 2642 224 2683 norum
250 2627 405 2679 contentus
435 2637 501 2677 esse
528 2619 645 2692 debuit3
673 2621 804 2678 veterani
832 2621 1035 2682 condicionem
1061 2633 1095 2681 ut
1121 2622 1311 2700 aliquatenus
1340 2621 1449 2678 evitare

115 2731 256 2801 possent,
284 2721 359 2781 solis
381 2721 580 2797 praetorianis
603 2739 779 2780 concessum
802 2722 894 2798 estl).
944 2722 1191 2784 centurionatum
1215 2741 1266 2782 eos
1288 2722 1351 2781 lere
1373 2722 1450 2780 eius-

116 2825 198 2886 modi
224 2823 391 2884 condicioni
415 2821 633 2899 praetulisse²)
672 2842 726 2882 nec
756 2843 825 2882 raro
852 2825 940 2884 etiam
973 2837 1043 2901 post
1074 2845 1170 2902 panca
1201 2824 1351 2902 stipendia
1382 2841 1451 2880 evo·

115 2929 215 2987 cativa
245 2927 337 2984 vitem
369 2924 535 2982 obtinuisse
573 2935 765 2984 monumenta
804 2933 950 2985 testantur
962 2923 1006 3003 l);
1051 2929 1104 2988 scd
1140 2946 1199 2986 non
1237 2928 1343 2986 desunt
1380 2943 1449 2982 evo·

116 3030 175 3088 cati
198 3029 249 3105 qui
277 3027 460 3104 permultos
488 3043 597 3098 annos,
625 3036 698 3103 quot
725 3029 756 3086 iu
778 3048 849 3086 vera
877 3030 983 3088 militia
1005 3031 1057 3088 vix
1086 3048 1222 3107 umquam
1250 3027 1450 3097 offenduntur,

115 3133 148 3191 in
169 3130 344 3188 evocatione
365 3129 640 3205 permanserunt4).
695 3129 875 3207 Legitimum
899 3132 986 3190 finem
1010 3143 1043 3190 ut
1064 3133 1172 3190 militia
1193 3131 1292 3203 habet,
1326 3131 1369 3186 ita
1391 3149 1450 3188 non

115 3234 207 3293 babet
232 3231 382 3300 evocatio;
412 3230 525 3288 scilicet
550 3229 600 3306 qui
626 3248 691 3289 cum
719 3212 818 3306 possit
844 3233 936 3304 mitti,
967 3235 1109 3292 invitatus
1136 3243 1242 3310 sponte
1268 3251 1324 3291 sua
1352 3249 1448 3289 rema-

115 3344 180 3408 net,
214 3351 275 3392 non
301 3331 339 3388 ad
366 3341 479 3390 certum
513 3332 643 3406 aliquem
676 3351 828 3392 numerum
862 3353 1006 3392 annorum
1041 3353 1073 3393 se
1100 3336 1214 3412 obligat
1245 3333 1338 3409 (certe
1371 3334 1450 3390 eius-

115 3435 198 3495 modi
219 3434 343 3494 militiac
364 3432 443 3508 apud
466 3432 618 3490 Romantm
641 3433 753 3493 nullum
776 3435 916 3494 indicium
938 3437 1114 3513 reperitur),
1145 3436 1249 3495 sedin
1273 3447 1447 3512 perpetuum

174 3705 200 3768 ¹)
218 3707 324 3756 Venilia
342 3713 520 3758 veteranorum
541 3709 635 3759 milites
655 3710 877 3775 comprehendunt
897 3711 1017 3762 ‹limIssos
1040 3717 1066 3761 ct
1082 3711 1199 3776 praemia
1212 3717 1384 3775 expectantes,
1405 3725 1449 3760 ne·

115 3814 166 3864 qne
184 3799 239 3848 nilo
258 3799 337 3849 modo
356 3815 413 3850 cnm
433 3801 546 3851 avocatis
565 3807 633 3851 recte
653 3803 797 3866 comparari
816 3810 953 3868 poterunt3
974 3819 1033 3853 nam
1054 3805 1170 3854 evocatio
1183 3810 1222 3852 est
1234 3803 1364 3852 missionis
1377 3816 1449 3852 rccu-

114 3892 183 3940 satio
202 3898 228 3939 et
247 3892 406 3940 continuatio
425 3893 611 3956 stipendiorum
630 3895 716 3959 itaque
736 3901 856 3944 evocatus
877 3897 1032 3946 contrarium
1052 3897 1173 3945 veterani.

174 3979 200 4042 ²)
219 3981 277 4032 Hoc
296 3995 398 4048 quoqne
417 3985 472 4033 sine
491 3985 569 4034 dnbio
589 4000 664 4051 saepe
693 3987 798 4046 accidit,
829 3994 858 4036 ιιι
880 3988 923 4051 qui
948 3988 975 4036 in
998 3989 1129 4051 praetorio
1152 3987 1267 4036 merebat
1289 3992 1315 4035 et
1338 3987 1449 4036 instante

114 4074 241 4124 missione
259 4089 313 4124 nou
332 4075 365 4125 ad
386 4075 502 4125 ordinem
523 4076 626 4140 quidem
646 4085 804 4142 pervenerat,
825 4079 870 4128 sed
889 4079 921 4128 ab
941 4079 1040 4128 ordinis
1059 4094 1104 4144 spe
1123 4094 1203 4144 prope
1223 4079 1323 4139 aberat,
1345 4077 1449 4127 interim

114 4171 236 4216 evocatus
255 4166 336 4227 lieret,
357 4167 440 4216 donec
458 4166 530 4216 locus
550 4169 573 4217 ci
593 4169 665 4218 tieret
684 4169 743 4219 vitis
758 4171 943 4234 impetrandae.
974 4171 1053 4220 Militi
1065 4172 1216 4237 legionario,
1238 4177 1359 4236 quantum
1374 4168 1449 4219 nobis

114 4259 182 4308 scire
201 4257 289 4306 datum
309 4265 356 4319 est,
375 4258 425 4308 nisi
445 4267 505 4309 ante
524 4260 673 4310 missionem
693 4261 726 4310 ad
745 4263 949 4312 centurionatum
970 4271 1129 4327 pervenerat,
1149 4265 1223 4313 annis
1237 4262 1350 4328 impletis
1364 4262 1450 4312 nullus

113 4350 187 4400 locus
205 4351 298 4415 patuit,
319 4365 370 4414 qno
390 4365 447 4400 eum
461 4358 616 4416 expectaret.
645 4353 702 4403 IIoo
715 4362 831 4418 respectu
845 4355 1007 4420 ailquatenus
1020 4355 1124 4406 delendi
1138 4356 1232 4420 poterit
1245 4361 1347 4419 recepta
1360 4354 1449 4418 opinio

115 4449 281 4492 evocatorum
302 4457 394 4506 corpus
413 4443 579 4494 seminarium
599 4445 727 4508 quoddam
747 4445 826 4496 inisse
843 4447 1028 4497 centurionum.

173 4531 199 4594 ²)
218 4534 305 4598 Supra
323 4549 348 4597 p.
365 4535 417 4584 149
436 4551 461 4584 n.
478 4536 502 4584 l.
544 4535 596 4586 Per
614 4537 706 4586 saltum
725 4539 837 4602 promoti
857 4541 957 4590 evocati
983 4541 1148 4590 inveniuntur
1171 4539 1205 4589 ad
1225 4538 1380 4589 tribunatum
1406 4551 1449 4586 co-

115 4626 198 4676 bortis
211 4625 242 4677 G.
255 4625 318 4687 vn,
339 4625 401 4676 953.
415 4625 479 4688 974,
501 4627 535 4676 ad
554 4627 739 4692 praefecturam
759 4645 837 4694 snpra
855 4647 880 4695 p.
899 4632 951 4682 144
970 4647 995 4682 n.
1012 4634 1036 4681 2.
1069 4632 1101 4681 Id
1121 4647 1166 4682 cnr
1179 4638 1255 4696 neget
1267 4632 1323 4682 lieri
1337 4630 1449 4695 potuisse

115 4718 275 4770 Schmidtius
293 4733 320 4781 p.
335 4716 398 4778 ³45,
418 4733 471 4768 non
490 4720 630 4784 perspicio;
651 4735 713 4770 sane
732 4737 791 4772 raro
812 4724 905 4773 evenit.

171 4807 198 4870 ⁴)
216 4809 374 4859 Nominatus
393 4807 423 4858 C.
437 4809 485 4870 VI,
506 4811 577 4860 3424
597 4819 716 4862 evocatus
735 4815 778 4878 qui
798 4816 915 4864 militavit
934 4831 958 4865 a.
972 4816 1017 4877 LI,
1047 4816 1111 4864 obiit
1129 4831 1152 4865 a.
1167 4815 1308 4876 LXXVII,
1339 4815 1449 4864 tortasse

114 4902 140 4950 in
160 4900 258 4950 officio.
291 4901 386 4950 Parem
406 4901 591 4965 stipendiorum
611 4919 743 4954 numerum
763 4907 826 4955 aiibi
845 4908 888 4956 vix
901 4909 1029 4972 reperies;
1050 4922 1205 4972 quamquam
1226 4907 1386 4957 centuriones
1405 4906 1450 4954 sti·

114 4993 267 5058 pcudiorum
288 4992 405 5042 XLVIII
424 4999 450 5041 et
468 4994 490 5042 L
510 4993 544 5055 (v.
565 4993 639 5044 buius
658 4996 724 5060 pr.
739 4997 778 5046 IV
797 5014 823 5062 p.
838 4999 901 5060 236)
921 4999 954 5048 ad
974 5007 1108 5050 evocatum
1128 4999 1196 5049 huno
1215 5013 1296 5064 prope
1315 4997 1448 5047 accedunt.

115 5084 184 5134 Addi
204 5091 329 5150 poterunt
347 5085 448 5133 evocati
469 5085 622 5136 salariorum
642 5087 740 5138 XXIII
760 5087 861 5152 (c.V1,
881 5091 962 5154 2725)
983 5099 1009 5141 et
1027 5092 1134 5142 XXVII
1155 5091 1195 5152 (C.
1209 5093 1257 5152 VI,
1278 5089 1369 5150 2495).
1407 5088 1448 5138 ct.

115 5175 174 5225 item
192 5193 218 5244 p.
236 5177 291 5227 150
310 5175 359 5226 sub
380 5173 417 5226 st
436 5183 505 5244 etp.
523 5177 574 5228 152
594 5195 619 5230 n.
635 5179 659 5230 3.
