3518 5828
485 537 787 591 oasuavsnmnus
805 537 1088 590 111111111111.
1386 514 1455 586 137

120 732 139 772 a
159 712 378 789 protectoribus
400 711 675 770 administratorum
696 719 726 770 et
746 710 900 787 proprium
917 709 1136 787 quodammodo
1151 709 1262 768 factum
1279 707 1456 768 vocabulum

120 815 348 874 ducenariorum
372 813 415 891 (p.
434 812 492 872 125
516 812 611 888 adn).

161 915 350 992 Dignitatem
378 921 562 991 protectores
588 915 618 972 in
646 913 817 973 universum
844 911 1111 988 perfectissimatus
1138 911 1277 970 videntur
1305 912 1456 984 habuisse,

121 1018 173 1093 qui
196 1017 374 1076 adscribitur
401 1017 433 1074 in
460 1015 546 1074 titulo
569 1035 597 1074 n.
615 1013 664 1073 26.
717 1014 829 1074 Decem
854 1015 943 1092 primi
970 1023 1067 1072 tamen
1096 1013 1250 1090 utriusque
1276 1013 1389 1072 ordinis
1417 1031 1457 1070 ex

122 1120 189 1196 lege
211 1137 238 1176 a
255 1117 317 1176 414
341 1115 389 1194 (C.
402 1116 459 1175 Th.
477 1118 505 1189 6,
522 1114 572 1188 14,
588 1117 605 1174 7
627 1117 667 1175 cl.
684 1116 712 1175 8.
729 1115 762 1192 9)
785 1125 816 1174 et
834 1116 886 1174 alii
902 1115 1022 1192 quidam
1046 1115 1090 1192 (6,
1107 1114 1156 1187 25,
1174 1115 1206 1191 l)
1228 1113 1456 1174 clarissimarum

123 1220 330 1292 obtinuerunt,
359 1219 409 1295 qui
433 1219 603 1296 adscriptus
630 1227 677 1276 est
702 1218 733 1276 in
759 1217 847 1275 titulo
874 1237 902 1275 n.
920 1217 968 1276 36.
1001 1249 1041 1260 -
1074 1215 1117 1276 Ut
1141 1216 1308 1274 notariatus
1335 1215 1457 1274 maioris

123 1321 277 1400 dignitatis
298 1339 365 1380 cnm
387 1319 557 1392 tribunatu,
585 1319 628 1376 ita
648 1318 798 1378 1111110111
820 1317 933 1377 ordinis
961 1319 1130 1378 notariatus
1160 1336 1225 1376 cum
1254 1324 1456 1392 protectoratu

123 1423 256 1500 legitime
278 1423 455 1481 coniunctus
477 1421 549 1493 suit3
576 1420 607 1479 id
629 1420 709 1496 quod
732 1429 761 1478 et
782 1421 886 1478 titulus
909 1439 937 1478 1.
954 1419 993 1478 34
1020 1427 1146 1478 testatur
1172 1429 1202 1477 et
1227 1419 1456 1478 constitutiones

123 1529 194 1582 suni
216 1523 274 1583 381
301 1522 336 1582 (l.
351 1523 409 1581 Tb.
434 1521 528 1596 6,10,
552 1520 624 1580 13.
668 1522 713 1580 lbi
736 1521 812 1580 enim
836 1539 903 1580 cum
926 1523 1091 1580 notariatus
1114 1528 1174 1580 tres
1200 1520 1310 1598 gradus
1337 1539 1456 1579 enume-

122 1637 236 1698 rentur,
259 1625 374 1684 scilicet
395 1625 447 1699 qui
470 1633 580 1684 exeant
601 1639 667 1681 oum
692 1624 803 1682 honore
826 1634 878 1681 aut
899 1622 1128 1700 proconsulatus
1151 1632 1202 1680 aut
1221 1621 1382 1681 vicariatus
1404 1631 1456 1680 aut

122 1727 358 1798 consularitatis,
386 1725 483 1802 primo
510 1733 539 1783 et
560 1723 689 1784 secundo
716 1724 784 1782 loco
811 1725 964 1784 constituti
996 1724 1101 1784 tribum
1126 1735 1153 1783 ct
1176 1727 1284 1782 1010111
1309 1722 1456 1792 dicuntur,

123 1829 212 1887 tertio
234 1829 377 1886 domestici
398 1836 424 1886 et
444 1829 559 1885 notorii.

165 1929 274 1988 Officio
296 1935 499 2005 protectorum
520 1945 702 2004 quamquam
732 1927 787 1987 hac
810 1945 928 2005 quoque
950 1935 1047 1986 aetate
1068 1927 1161 1986 divini
1186 1926 1291 1986 lateris
1319 1925 1457 1985 custodia

123 2030 429 2108 comprehendebatur
451 2041 480 2089 et
502 2047 716 2104 saepenumero
738 2039 889 2105 tamquam
905 2029 1035 2106 speciale
1051 2038 1250 2105 protectorum
1266 2028 1456 2106 privilegium

123 2142 304 2190 memoratur
337 2132 384 2190 ius
419 2151 580 2207 purpuram
614 2149 730 2190 sacram
767 2130 926 2200 adorandi,
963 2129 992 2187 id
1028 2140 1075 2190 est
1110 2131 1208 2206 ipsum
1245 2130 1456 2208 imperatorem

123 2234 266 2304 adeundi,
299 2233 394 2309 magis
424 2234 563 2292 custodia
592 2252 628 2291 ea
654 2231 842 2291 scholaribus
869 2231 1031 2290 commissa
1058 2239 1117 2305 est,
1150 2239 1179 2290 11
1206 2251 1271 2290 1111
1298 2233 1337 2290 ob
1366 2232 1456 2290 aliam

122 2354 243 2395 caueam
267 2343 453 2410 protectores
479 2334 608 2393 instituti
634 2352 702 2393 esse
729 2333 882 2406 videntur,
912 2333 1026 2393 scilicet
1051 2343 1083 2391 ut
1109 2351 1234 2392 munera
1260 2333 1381 2410 publica
1407 2351 1456 2390 11-

122 2445 294 2512 pesserent,
320 2435 438 2494 interim
460 2443 573 2508 autem,
600 2435 693 2494 donec
715 2445 867 2512 caperent,
894 2435 1016 2512 publica
1038 2435 1158 2512 negotia
1179 2435 1342 2493 secuudum
1372 2435 1457 2494 iussa

123 2539 267 2615 principis
295 2545 522 2614 exequerentur.
571 2537 738 2612 Utrumque
764 2537 882 2613 egregie
908 2537 1038 2612 explicat
1065 2541 1116 2612 qui
1144 2537 1209 2612 ipse
1242 2537 1455 2610 protectorium

123 2641 222 2698 locum
245 2639 340 2698 tenuit
362 2639 539 2697 Ammianus
563 2638 610 2711 16,
635 2638 682 2709 10,
704 2639 758 2696 21:
776 2643 919 2714 provectis
941 2639 1456 2713 11111111101011100111911101

123 2741 225 2800 milites
246 2749 317 2798 1111
342 2741 497 2798 maioribus
523 2741 715 2799 adolescentes
743 2758 804 2798 eum
831 2739 1018 2815 (Ursicinum
1045 2739 1221 2817 magistrum
1248 2739 1375 2796 militurn
1403 2759 1456 2816 per

125 2841 294 2916 Orientem)
316 2845 398 2916 aequi
419 2841 555 2911 iubemur,
578 2842 718 2918 quidquid
734 2860 790 2918 pro
812 2841 978 2918 republica
999 2843 1178 2899 mandauerit
1197 2840 1342 2916 impleturi
1345 2861 1357 2909 ,·
1386 2840 1455 2900 addi

124 2951 226 3018 potest
247 2943 322 3000 alter
342 2943 428 3000 locus
454 2943 501 3012 15,
517 2941 546 3014 5,
562 2940 601 3000 22
630 2943 667 3000 de
687 2942 791 3001 eodem
818 2941 957 3001 Ursicino
984 2943 1078 3001 misso
1105 2942 1248 3018 magistro
1273 2942 1397 3000 militum
1424 2943 1455 3000 in

126 3043 245 3103 Gallias
269 3045 389 3102 triberis
411 3052 437 3100 11
454 3042 662 3119 protectoribus
684 3043 842 3103 domesticis
865 3045 970 3115 decem,
997 3055 1028 3103 11
1046 3045 1225 3122 postulerat,
1254 3045 1295 3102 od
1313 3045 1455 3102 iuvandos

123 3149 302 3205 nemeitatee
320 3145 455 3220 prtblicoe
478 3147 504 3203 ei
524 3147 686 3203 coniunctis.
724 3143 881 3204 Eiusmodi
903 3145 1044 3204 mandata
1066 3153 1246 3221 exequentes
1269 3155 1454 3221 protectores

125 3267 192 3306 curn
213 3247 326 3322 passim
348 3246 543 3322 reperiantur,
566 3263 712 3322 quaenam
734 3263 770 3304 ea
791 3247 933 3306 mandata
954 3247 1066 3306 fuerint
1086 3265 1235 3325 exponere
1250 3246 1325 3304 nibil
1341 3246 1453 3306 attinet.

122 3349 286 3408 Promotus
318 3356 418 3406 autem
449 3364 518 3406 1111
552 3355 735 3424 protectores
768 3348 947 3408 domesticos
980 3349 1157 3408 Ammianus
1187 3349 1230 3406 111
1254 3349 1295 3404 ad
1320 3350 1454 3423 regendos

122 3450 236 3509 milites.
275 3448 394 3510 Scilicet
408 3450 483 3508 fiunt
497 3449 548 3506 1111
564 3449 705 3526 praelecti
721 3449 858 3526 legionis,
880 3459 913 3509 ut
933 3451 1004 3509 lacti
1026 3459 1097 3510 sunt
1117 3449 1176 3508 duo
1196 3450 1227 3508 in
1242 3450 1339 3509 titulis
1362 3470 1390 3507 1.
1405 3451 1453 3508 30.

123 3552 162 3609 43
186 3551 357 3622 memorati,
383 3550 435 3609 alii
456 3550 580 3622 tribuni,
606 3558 640 3608 ut
661 3551 711 3626 qui
734 3553 903 3610 nominatur
925 3551 1004 3627 apud
1027 3551 1218 3610 Ammianum
1248 3551 1295 3623 18,
1319 3552 1347 3623 3,
1371 3553 1389 3610 5
1417 3550 1454 3608 ad

122 3674 150 3711 1.
168 3652 227 3711 359
249 3652 413 3711 Valentinus
435 3672 468 3710 11
484 3655 649 3727 primicerio
667 3661 859 3728 protectorum
881 3653 1010 3712 tribanos
1033 3653 1084 3730 (cl.
1100 3653 1170 3711 item
1193 3652 1243 3723 30,
1261 3653 1288 3724 7,
1305 3653 1347 3728 3),
1369 3652 1454 3710 item·

121 3773 183 3830 que
204 3754 247 3812 sit
264 3753 315 3810 lex
337 3773 363 3811 1.
378 3753 436 3811 431
453 3750 503 3829 (G.
515 3752 573 3811 Th.
590 3753 618 3824 6,
635 3751 684 3824 24,
703 3755 737 3811 ll
757 3778 793 3803 =
811 3751 847 3814 O.
862 3754 933 3813 lust
953 3753 1000 3827 tt,
1019 3755 1067 3825 17,
1083 3753 1115 3830 l)
1139 3753 1337 3831 primicerium
1353 3772 1454 3812 eorum

121 3856 304 3914 tribunatum
327 3855 461 3931 accipere
483 3854 589 3912 solere.
635 3856 813 3914 Accuratius
835 3875 872 3914 ne
892 3856 966 3914 haec
988 3856 1106 3932 quidem
1133 3873 1359 3932 persequemur,
1387 3875 1453 3914 cnm

121 3956 273 4032 pendeant
294 3975 313 4014 a
333 3956 508 4032 quaestione
530 3973 589 4014 non
611 3955 692 4015 111111
715 3957 752 4016 de
774 3974 865 4015 11111
886 3959 1033 4016 honorum
1055 3956 1227 4016 militarium
1250 3957 1302 4033 qui
1317 3957 1373 4015 tuit
1388 3975 1454 4015 sae·

123 4058 191 4117 culo
213 4066 330 4133 quarto.

164 4158 234 4217 Hoc
255 4167 353 4216 autem
376 4177 435 4217 non
457 4158 696 4236 praeteribimus,
718 4178 898 4236 quamquam
921 4161 1103 4240 intellegenti
1124 4179 1178 4236 per
1197 4179 1230 4219 11
1249 4166 1340 4236 patet,
1363 4161 1454 4220 totius

122 4261 252 4320 instituti
268 4257 509 4319 Constantiniani
531 4278 651 4318 eausam
673 4268 702 4319 et
724 4261 868 4320 rationem
890 4263 958 4320 hinc
980 4264 1118 4340 pendere.
1155 4259 1274 4322 Scilicet
1296 4272 1454 4338 postquam

124 4373 280 4422 senatores
302 4371 332 4420 et
351 4363 473 4420 omnino
496 4363 657 4421 nobiliores
680 4381 698 4419 a
720 4363 904 4439 temporibus
926 4364 993 4422 inde
1006 4363 1136 4423 Gallieni
1150 4364 1277 4422 militare
1293 4363 1455 4437 desierunt,

122 4463 214 4521 duces
236 4463 299 4520 fere
321 4481 359 4520 ex
381 4464 552 4542 gregalibus
576 4464 781 4536 sumebantur;
805 4473 835 4522 et
856 4465 968 4541 passim
985 4485 1021 4524 ea
1041 4473 1137 4525 111111
1153 4465 1353 4542 primipilares
1374 4466 1455 4524 simi·

120 4564 218 4640 lisque
240 4563 423 4623 condicionis
442 4566 574 4624 veterani
597 4567 786 4625 inveniuntur
808 4567 941 4642 prouecti
963 4567 1000 4623 ad
1024 4567 1151 4626 honores
1167 4569 1305 4626 maiores.
1342 4567 1455 4626 Eorum

121 4666 213 4742 igitur
235 4666 425 4724 seminarium
442 4674 624 4740 protectores
640 4675 711 4726 sunt
726 4667 867 4738 veterani,
890 4667 1028 4726 nimirum
1044 4669 1195 4740 destinati,
1218 4679 1251 4726 ut
1266 4669 1455 4727 1111111111-

122 4784 178 4824 nus
204 4765 350 4826 militibus
377 4768 525 4842 regendis.
574 4769 709 4827 Alterum
738 4778 834 4826 autem
862 4787 956 4846 genus
983 4777 1198 4846 protectorum,
1227 4771 1291 4828 sive
1317 4769 1346 4826 id
1375 4768 1455 4828 (lon-

122 4869 271 4928 stantinus
293 4867 360 4944 ipse
387 4868 495 4926 adiecit
522 4869 586 4927 sive
611 4869 666 4928 lilii
694 4871 774 4942 eiua,
800 4889 836 4928 eo
862 4871 953 4941 redit,
981 4870 1059 4947 quod
1082 4869 1333 4931 Constantiniana
1358 4877 1455 4930 aetate

120 4969 236 5028 nobiles
259 4987 366 5028 rursus
389 4967 514 5028 admissi
542 4979 612 5028 sunt
639 4972 676 5029 ad
704 4971 840 5030 militiam
867 4972 1073 5030 interdictione
1095 4971 1288 5032 Gallieniana
1313 4972 1355 5030 ita
1382 4981 1455 5032 tem·

121 5079 236 5146 perata,
263 5080 296 5128 nt
321 5079 383 5128 tam
406 5072 554 5130 veteranis
583 5091 621 5130 ex
649 5072 819 5150 gregalibus
849 5091 939 5148 quam
966 5074 1117 5133 nobilibus
1146 5073 1317 5132 hominibus
1345 5075 1455 5132 milites

120 5173 239 5250 regendi
262 5171 516 5250 permitterentur.
564 5171 603 5230 Et
625 5192 806 5251 quamquam
834 5185 941 5256 postea
966 5193 1012 5234 res
1035 5194 1070 5234 eo
1094 5175 1222 5234 deducta
1244 5183 1304 5247 est,
1332 5183 1366 5234 ut
1386 5195 1455 5250 pro·
