3518 5828
341 491 416 579 ‘16'4
910 525 1093 579 nonnssu

338 699 411 757 bant
425 700 492 778 piae
507 698 604 758 tidelis
620 699 789 775 similiaque
806 700 966 777 agnomina
980 700 1018 758 ab
1033 700 1121 758 huius
1137 700 1253 758 elenchi
1268 700 1393 759 consilio
1408 701 1517 760 aliena.
1537 737 1576 745 —
1597 701 1672 759 Alas

339 802 537 877 cohortesque
561 821 600 860 ex
621 800 725 859 eodem
747 801 859 878 populo
881 801 975 860 lectas
998 801 1182 877 eundemque
1208 821 1379 874 numerum,
1409 803 1585 879 praesertim
1613 803 1674 878 pri·

338 921 417 961 mum
440 903 583 961 hahentes
606 903 708 980 plures
731 903 845 978 passim
867 903 897 960 in
921 903 1103 961 exercitibus
1126 903 1249 981 reperlri
1277 923 1335 962 non
1362 904 1460 962 minus
1487 912 1600 962 certum
1627 914 1674 963 eat

339 1022 429 1080 quam
453 1004 593 1082 ambigua
620 1023 709 1082 saepe
737 1003 819 1063 inste
844 1023 944 1062 earum
972 1003 1141 1076 distincti03
1173 1013 1206 1063 ut
1228 1005 1403 1082 Alpinorum
1428 1006 1506 1064 duae
1533 1006 1672 1064 cohortes

337 1107 451 1181 primae
473 1105 607 1181 equitata
629 1106 738 1178 altera,
765 1106 858 1164 altera
880 1105 1014 1180 peditata
1039 1107 1070 1164 in
1092 1105 1158 1182 lege
1182 1106 1305 1181 publica
1331 1108 1400 1164 anni
1423 1125 1452 1182 p.
1469 1105 1504 1164 Ο.
1520 1107 1560 1166 80
1585 1108 1674 1165 iuxta

337 1209 454 1283 positae
483 1207 674 1266 inveniuntur
695 1207 870 1284 cognomine
892 1206 975 1264 nullo
998 1207 1100 1266 addito
1123 1208 1318 1283 similiterque
1341 1203 1413 1266 alibi
1435 1209 1575 1268 cohortes
1597 1209 1674 1266 duas

337 1309 451 1384 primae
473 1307 623 1368 Thracum
651 1309 734 1385 (vide
760 1309 798 1367 ad
821 1306 1032 1383 c.111,109).
1082 1308 1238 1367 Eiusmodi
1266 1309 1459 1368 difficultates
1485 1310 1535 1367 ubi
1565 1310 1674 1368 adsunt

339 1410 384 1467 vel
406 1420 534 1488 possunt
556 1410 676 1483 adesse,
706 1428 771 1468 cum
800 1410 839 1467 ad
861 1409 938 1468 hanc
964 1417 1096 1469 nostram
1124 1411 1363 1487 disquisitionem
1389 1429 1442 1469 eae
1463 1429 1522 1470 non
1550 1429 1673 1488 meguo-

337 1531 407 1588 pere
430 1513 598 1588 pertineant
619 1531 714 1588 neque
736 1512 767 1570 iu
789 1511 917 1570 transitu
940 1521 1051 1587 queant
1072 1512 1232 1585 elucidari,
1260 1513 1291 1569 in
1318 1513 1376 1570 hoc
1402 1512 1498 1572 indice
1521 1513 1596 1572 satia
1619 1514 1673 1571 ha-

338 1614 455 1672 buimus
477 1614 565 1672 iuxta
587 1631 697 1690 ponere
719 1631 795 1689 quae
812 1613 991 1688 accepimus,
1015 1614 1139 1672 eandem
1155 1631 1222 1672 esse
1238 1614 1317 1672 alam
1334 1613 1380 1672 vel
1397 1615 1549 1672 cohortem
1564 1614 1672 1672 similis

336 1715 464 1774 nominis
487 1733 583 1791 neque
605 1714 789 1774 affirmantes
811 1733 907 1790 neque
934 1724 1086 1792 negantes.
1134 1715 1182 1773 Ita
1203 1735 1241 1774 ex
1268 1715 1325 1773 hoc
1353 1714 1450 1774 indice
1475 1724 1673 1791 cognoscetur

340 1815 497 1876 Gallorum
520 1816 648 1893 exempli
670 1834 762 1875 causa
783 1817 920 1875 cohortes
942 1817 979 1874 ad
1002 1834 1091 1892 quem
1113 1835 1267 1876 numerum
1290 1817 1474 1875 adscendant
1496 1825 1527 1875 et
1548 1816 1672 1893 quinam

337 1919 416 1976 inter
437 1937 593 1976 numerum
615 1919 743 1993 primurn
766 1927 796 1977 et
818 1935 966 1977 summum
989 1927 1041 1977 aut
1061 1917 1210 1977 defuerint
1231 1929 1283 1977 aut
1305 1918 1393 1976 hodie
1408 1919 1596 1994 ignorantum
1618 1937 1671 1975 no·

338 2026 435 2078 torum
463 2033 652 2079 numerorum
679 2019 793 2096 aliquot
818 2039 889 2078 num
918 2019 1060 2096 duplicati
1088 2020 1134 2078 vel
1159 2019 1235 2079 adeo
1261 2019 1404 2096 triplicati
1430 2021 1600 2093 extiterint,
1633 2040 1672 2079 ex

337 2121 435 2180 indice
457 2121 596 2198 cognosci
619 2129 700 2180 certo
723 2139 782 2179 non
808 2127 916 2198 potest.
946 2153 984 2164 —
1011 2121 1087 2180 Alae
1110 2129 1140 2179 et
1161 2121 1301 2180 cohortes
1323 2141 1399 2199 quae
1421 2122 1540 2182 ethnico
1566 2140 1671 2181 carue-

336 2229 406 2282 runt
428 2230 478 2282 aut
500 2232 579 2282 certe
601 2223 789 2301 appellantur
811 2242 846 2281 eo
868 2223 982 2282 omisso
1004 2242 1100 2300 neque
1123 2231 1204 2282 certa
1224 2225 1340 2283 ratione
1363 2223 1541 2300 supplendo,
1567 2243 1670 2300 qnam·

339 2341 428 2400 quam
452 2326 489 2383 ad
511 2325 566 2384 hos
589 2324 750 2384 laterculos
772 2325 858 2400 ipsae
880 2343 937 2382 non
954 2325 1138 2400 perveniunt,
1161 2324 1355 2384 nihilominus
1371 2325 1407 2383 de
1422 2325 1459 2383 iia
1474 2343 1550 2402 quae
1565 2335 1671 2401 parata

338 2427 486 2484 habebam
506 2426 679 2503 appendicis
694 2426 761 2485 loco
776 2431 942 2503 composui,
965 2427 1022 2486 alis
1039 2426 1195 2485 recensitis
1211 2426 1242 2484 in
1257 2426 1402 2485 laterculo
1419 2425 1474 2498 VI,
1496 2426 1669 2484 cohortibus

338 2527 369 2586 in
385 2528 528 2586 laterculo
539 2527 610 2599 Vll,
628 2528 696 2586 ideo
711 2528 886 2605 praesertim
902 2528 982 2604 quod
998 2536 1120 2606 propter
1136 2528 1351 2587 breviationem
1368 2528 1455 2586 modo
1471 2529 1669 2607 significatam

338 2629 412 2689 haec
433 2647 551 2706 quoque
573 2630 761 2707 aliquatenus
782 2649 849 2689 oum
871 2635 983 2688 nostris
1006 2630 1166 2688 coniuncta
1186 2637 1264 2688 suut.

380 2731 418 2788 B.
464 2731 636 2790 Auxiliares
665 2731 877 2807 provinciales,
911 2732 963 2807 qui
989 2731 1133 2808 originem
1162 2732 1346 2808 adscriptam
1374 2731 1499 2802 habent,
1533 2749 1669 2791 seorsum

338 2833 505 2909 composui,
520 2832 637 2909 equites
652 2832 819 2910 singulares
835 2833 865 2890 in
882 2832 1027 2892 laterculo
1042 2833 1102 2905 Ill,
1124 2833 1235 2892 alarios
1249 2834 1281 2891 in
1295 2833 1439 2892 laterculo
1452 2831 1496 2892 tv
1509 2835 1669 2892 secundum

337 2935 417 3005 alas,
446 2933 613 2993 cohortales
640 2935 671 2993 in
692 2934 837 2993 laterculo
860 2935 888 2993 V
910 2935 1072 2994 secundum
1095 2934 1247 3005 cohortea3
1277 2935 1316 2992 ad
1337 2952 1412 3010 quos
1434 2935 1596 2994 laterculos
1625 2955 1669 2992 re·

338 3035 482 3095 missione
507 3036 587 3095 facta
613 3037 644 3095 in
670 3035 813 3095 laterculo
839 3036 982 3113 primario
1009 3035 1066 3113 (A)
1098 3037 1290 3095 inveniuntur
1322 3035 1471 3095 distributi
1506 3036 1669 3096 secuudum

337 3138 460 3216 patrias.
503 3166 504 3169 ¹

380 3242 409 3298 4.
448 3237 616 3311 classiarii,
638 3239 688 3315 qui
710 3245 859 3315 quatenus
882 3241 967 3316 origo
989 3257 1092 3298 eorum
1115 3239 1242 3298 traditur
1264 3257 1366 3298 omnes
1387 3239 1449 3298 lere
1470 3239 1669 3316 provinciales

338 3343 460 3400 fuerunt
482 3341 593 3417 (Italici
615 3341 702 3418 pauci
724 3341 882 3415 compositi
907 3349 975 3399 sunt
997 3339 1031 3399 0.
1050 3341 1080 3399 X
1102 3359 1130 3417 p.
1150 3340 1259 3418 1128),
1286 3341 1392 3418 digesti
1415 3349 1484 3400 suut
1506 3341 1669 3401 secundnm

338 3443 452 3520 patrias
478 3443 534 3513 ita,
561 3450 593 3500 ut
618 3451 766 3518 quatenus
789 3443 910 3500 veniunt
935 3461 973 3500 ex
999 3443 1132 3518 corporis
1157 3443 1307 3502 volumine
1329 3443 1375 3514 X,
1402 3443 1485 3501 aolus
1508 3443 1669 3501 voluminis

338 3561 480 3603 numerus
502 3553 638 3621 ponatur,
661 3562 727 3602 cum
749 3543 885 3602 nationes
907 3543 1128 3602 classiariorum
1150 3545 1191 3603 ibi
1213 3546 1244 3602 in
1264 3545 1361 3603 indice
1379 3544 1523 3619 peculiari
1544 3564 1575 3622 p.
1591 3542 1668 3604 1128

338 3654 556 3705 recenseantur.
600 3645 745 3721 Reliquos
772 3644 873 3704 titulos
899 3645 1070 3704 classiarios
1096 3646 1253 3705 citavimus
1276 3646 1391 3705 adiecto
1413 3664 1553 3718 numero,
1581 3645 1669 3704 etiam

338 3748 390 3823 qui
412 3745 703 3824 comprehenduntur
717 3747 747 3804 in
762 3747 897 3824 corporis
914 3747 1064 3805 volumine
1080 3747 1127 3805 Xl
1149 3749 1279 3806 noudum
1295 3748 1389 3818 edito;
1412 3765 1479 3804 nam
1496 3747 1668 3806 classiarios

338 3849 548 3927 inscriptiones
562 3849 754 3907 Ravennates
776 3867 814 3906 ex
836 3847 996 3906 voluminis
1017 3849 1081 3906 eius
1101 3848 1229 3926 plagulis
1247 3868 1264 3906 a
1280 3847 1451 3906 Bormanno
1467 3848 1570 3907 missis
1586 3867 1670 3924 repe·

338 3950 406 4008 tivit
431 3950 622 4010 Hermannus
650 3949 777 4008 Ferrero
803 3949 834 4007 in
860 3949 937 4006 libro
964 3948 1177 4008 l'orda'namecto
1210 3951 1282 4009 delle
1307 3960 1416 4009 armate
1442 3967 1559 4007 romans
1591 3950 1669 4007 edito

335 4050 481 4112 ¹‘l'aurinis
504 4071 530 4111 a.
549 4050 643 4123 1878,
670 4060 868 4127 poteruntque
894 4049 988 4109 donec
1015 4051 1113 4127 ipsum
1142 4053 1280 4110 volumen
1307 4051 1417 4128 publici
1440 4051 1515 4109 iuris
1541 4053 1593 4110 fiet
1619 4052 1669 4127 qui

338 4153 385 4212 hia
407 4153 449 4212 uti
471 4154 594 4230 cupiunt
614 4153 821 4214 Ferrariauam
844 4151 1084 4229 compilationem
1108 4153 1258 4214 adhibere.

709 4407 733 4468 1.
776 4407 952 4469 MILITES
980 4406 1302 4470 PROVINCIALES.

340 4509 365 4570 I.
410 4508 539 4572 Srcrura.

492 4611 606 4670 Milites
629 4611 714 4670 nulli.

338 4767 381 4826 ΙΙ.
425 4765 589 4827 Surorum.

496 4872 522 4927 1.
544 4875 638 4946 praet.
661 4901 698 4912 —

495 4970 522 5029 2.
545 4971 619 5047 leg:

568 5073 699 5131 Caralis:
722 5071 771 5129 ΙΙΙ
795 5072 872 5146 Aug.

494 5173 521 5231 3.
545 5173 673 5232 auxilia:
