3518 5828
313 503 384 575 138
890 523 1072 576 1111111111

315 623 638 635 -μ--ιι-

309 703 437 756 tectores
460 699 609 756 natalibus
632 697 721 756 claris
744 698 934 773 potissimum
957 705 1127 756 crearentur
1148 696 1213 755 fisci
1236 695 1350 755 ditandi
1379 711 1484 766 cansa,
1511 695 1643 774 graviter

309 800 421 857 errabit
442 801 492 875 qui
515 819 616 858 eorum
638 799 850 858 admissionem
872 800 946 876 ipsis
975 799 1131 857 vocabulis
1160 797 1269 856 ducum
1292 797 1475 874 militumque
1502 805 1641 856 testatam

309 901 346 958 ad
369 901 496 959 abusum
519 902 615 959 solum
639 902 736 959 trahet
758 919 852 976 neque
874 901 904 958 in
927 919 963 959 ea
984 909 1128 978 agnoscet
1143 899 1300 958 consilium
1322 917 1391 956 vere
1413 900 1640 975 imperatorium

308 1010 339 1060 et
360 1021 426 1060 curn
448 1004 491 1060 rei
513 1003 649 1079 publicae
670 1003 880 1061 reformatione
903 1001 1083 1077 perficienda
1105 1001 1304 1072 coniunctum,
1324 1011 1357 1059 ut
1371 1001 1487 1060 nobiles
1503 997 1640 1059 homines

308 1123 405 1180 neque
428 1103 484 1162 soli
507 1123 572 1162 earn
594 1105 838 1163 administrarent
859 1122 954 1180 neque
976 1105 1013 1162 ab
1036 1121 1072 1160 ea
1094 1111 1271 1161 arcerentur.
1316 1102 1467 1161 Tenemus
1493 1102 1584 1178 igitur
1608 1103 1639 1161 in

308 1205 365 1264 hoc
388 1207 608 1264 institutorem
631 1207 803 1282 gratissimi
825 1206 964 1264 momenti
987 1216 1016 1263 et
1038 1225 1136 1263 rerum
1160 1204 1308 1281 scriptori,
1331 1205 1444 1262 seilicet
1466 1222 1502 1262 eo
1521 1203 1641 1262 nomine

308 1307 412 1383 digno,
440 1307 644 1379 utilissimam
672 1309 769 1384 ipsam
796 1317 826 1366 ut
848 1325 1046 1384 exequamur,
1072 1307 1201 1365 tenuitas
1228 1306 1506 1365 commentariorum
1533 1305 1640 1364 horum

307 1410 568 1486 epigraphicorum
590 1427 649 1466 non
674 1409 812 1467 admittit.

348 1512 572 1570 Protectoratus
594 1531 632 1569 ex
654 1512 797 1569 castrensi
821 1511 937 1570 aulicus
960 1511 1055 1568 iactus
1078 1511 1125 1568 sui
1148 1509 1302 1568 dissimilis
1324 1508 1366 1566 ita
1387 1509 1449 1568 fere
1472 1509 1584 1580 evasit,
1607 1517 1640 1566 ut

307 1612 469 1670 dissimiles
491 1613 613 1671 fuerunt
629 1613 710 1670 Zeno
733 1621 762 1670 et
779 1615 962 1671 Anastasius
978 1612 1161 1670 Diocletiani
1182 1619 1212 1668 et
1227 1609 1423 1669 Constantini.
1461 1607 1522 1670 Sed
1544 1629 1580 1668 11
1595 1611 1639 1668 rei

306 1714 443 1772 militaris
465 1715 599 1785 mutatio,
620 1715 705 1772 cuius
728 1716 803 1773 haec
824 1725 1024 1790 protectorum
1047 1723 1191 1791 pareest,
1214 1721 1310 1770 111111
1325 1713 1415 1770 etiarn
1434 1719 1639 1788 protectorum

307 1815 461 1873 uocabulis
484 1825 514 1872 et
535 1815 680 1874 institutis
703 1817 828 1894 vestigia
850 1835 905 1874 sua
923 1816 1116 1891 impresserit,
1139 1815 1300 1889 quaeritur.
1338 1813 1432 1871 Tituli
1447 1823 1508 1871 tres
1523 1812 1583 1870 dno
1599 1832 1638 1871 ex

306 1917 472 1993 sepulcretn
495 1914 710 1975 Concordiensi
738 1935 816 1976 saec.
831 1917 858 1973 V
885 1915 1095 1992 incipientis¹)
1123 1916 1269 1974 eruderati
1296 1914 1381 1973 127
1405 1919 1578 1990 protectoria
1603 1918 1638 1974 de

305 2037 419 2076 uumero
448 2021 653 2094 aruriperorum
680 2028 710 2078 et
735 2039 763 2076 n.
781 2019 819 2078 59
853 2017 937 2092 (ride
962 2017 1055 2094 infra)
1088 2019 1232 2076 domestici
1256 2018 1291 2075 de
1315 2035 1430 2075 numero
1458 2016 1638 2075 Batauorum

305 2123 446 2178 seniorum
473 2120 636 2196 tertiusque
663 2139 701 2178 ex
724 2121 799 2178 Asia
826 2140 853 2176 n.
877 2119 915 2177 24
938 2097 1108 2194 protetioris
1132 2123 1241 2178 numeri
1265 2118 1456 2177 Martensium
1481 2119 1554 2176 anni
1576 2117 1637 2176 518

305 2238 380 2297 quos
402 2231 622 2298 proposuerunt
643 2231 826 2300 protectores
849 2222 1030 2280 domesticos
1053 2239 1112 2280 non
1139 2221 1296 2280 comitibus
1324 2219 1556 2278 domesticorum
1584 2238 1637 2296 pa-

304 2331 414 2394 rentes,
437 2322 490 2381 sed
512 2323 623 2381 relatos
645 2323 683 2380 ed
706 2342 847 2383 numeros
870 2331 976 2396 certos,
999 2323 1034 2382 de
1056 2324 1094 2382 iis
1116 2332 1255 2381 auctores
1270 2323 1410 2398 legesque
1423 2321 1513 2380 huius
1528 2322 1637 2381 aetatis

304 2432 417 2494 tacent,
440 2424 580 2501 quodque
602 2426 664 2483 dixi
687 2427 763 2483 duos
785 2425 852 2484 illos
875 2426 965 2484 edens
988 2424 1036 2501 (O.
1050 2425 1079 2480 V
1100 2445 1129 2502 p.
1146 2423 1239 2498 1059)
1261 2431 1445 2499 protectores
1468 2424 1524 2480 hos
1545 2423 1637 2501 longe

304 2526 457 2584 discedere
485 2545 504 2582 a
530 2526 607 2584 notis
636 2539 791 2602 praeterea
816 2545 912 2603 nsque
939 2527 1014 2585 satie
1041 2528 1078 2585 de
1104 2527 1142 2584 iis
1169 2525 1296 2601 liquere,
1326 2524 1422 2582 adhuc
1449 2543 1554 2582 verum
1580 2535 1636 2584 est.

305 2627 447 2686 Fortasse
470 2627 508 2685 ad
530 2629 584 2686 hos
607 2628 772 2704 respiciens
796 2629 978 2687 lastinianus
1000 2629 1031 2686 in
1054 2628 1167 2706 legibus
1187 2625 1221 2685 C.
1238 2626 1312 2692 lust,
1334 2626 1361 2698 2,
1379 2626 1407 2697 7,
1425 2623 1508 2696 25,3
1532 2637 1563 2684 et
1588 2625 1636 2696 12,

306 2730 388 2800 17,4
411 2739 593 2804 protectores
617 2729 795 2788 domesticos
819 2731 908 2806 vulgo
930 2739 1017 2786 notos
1040 2730 1174 2788 nominat
1195 2731 1357 2786 domesticos
1375 2729 1582 2804 praesentatae.

344 2829 380 2888 In
401 2847 494 2906 regno
510 2831 615 2888 Italiae
637 2831 719 2906 quod
734 2831 936 2890 Theodericus
957 2832 1097 2890 formavit
1118 2839 1151 2888 nt
1173 2831 1315 2908 pleraque
1338 2830 1399 2888 alia
1420 2830 1560 2889 instituta
1574 2829 1635 2888 Ro-

303 2951 392 2990 mana
413 2933 503 2990 etiam
525 2941 709 3007 protectores
732 2933 911 2992 domesticos
933 2933 1082 2992 mansisse
1103 2942 1207 2991 auctor
1228 2941 1274 2990 est
1296 2931 1462 3009 Procopius
1474 2930 1505 3007 ²)
1528 2934 1635 2991 contir-

303 3043 444 3111 mentque
463 3033 610 3109 epistulae
627 3032 890 3106 Cassiodorianae;
913 3053 981 3093 nam
1001 3043 1031 3091 et
1045 3035 1185 3094 comitum
1201 3034 1433 3092 domesticorum
1448 3051 1484 3091 eo
1500 3041 1635 3110 tempore

302 3136 380 3192 inter
400 3135 535 3192 illustres
558 3145 780 3194 numeratorum
807 3137 898 3196 iniis
925 3137 1035 3196 adsunt
1062 3131 1248 3212 formulae³)
1274 3146 1304 3193 et
1331 3135 1495 3210 primicerii
1521 3154 1635 3206 eorum,

303 3237 352 3313 qui
372 3237 431 3294 iam
447 3236 627 3295 domesticus
644 3239 812 3314 appellatur
827 3233 896 3296 κατ’
910 3232 1024 3318 ἐξοχὴν
1038 3237 1108 3296 item
1125 3237 1161 3294 ad
1177 3237 1449 3296 illustrissimatnm
1465 3236 1634 3312 evectast),

308 3411 510 3420 ----———-—

362 3528 384 3590 1)
406 3530 482 3579 Certe
500 3543 531 3578 eo
552 3530 646 3580 ducunt
665 3532 819 3596 quicumque
838 3532 905 3580 tituli
934 3533 961 3580 iu
990 3545 1021 3580 eo
1045 3531 1188 3596 sepulcreto
1212 3531 1305 3594 reperti
1330 3536 1388 3579 aunt
1412 3544 1470 3580 cum
1494 3545 1564 3580 anno
1588 3531 1633 3580 ad·

301 3622 396 3685 scripto
417 3621 568 3682 (0.1.1..v
588 3639 612 3686 p.
626 3623 715 3684 1058),
735 3638 818 3687 neque
837 3623 968 3673 adsentior
983 3623 1076 3674 Roscio
1096 3619 1176 3684 (Bell.
1195 3621 1315 3672 cristiano
1335 3621 1405 3671 1874
1424 3637 1449 3686 p.
1462 3622 1526 3683 lta)
1546 3623 1633 3672 titulos

301 3714 422 3763 tribuenti
443 3713 556 3776 epochae
576 3715 720 3779 posteriori.

358 3802 383 3865 2)
413 3806 477 3854 Hist.
507 3822 559 3855 arc.
589 3823 610 3855 c.
635 3808 681 3856 26:
712 3797 823 3854 Ἰταλίαν
843 3801 1003 3876 Θευδέριχος
1027 3793 1088 3853 tadu
1113 3793 1170 3862 rede
1195 3802 1218 3853 iu
1243 3801 1277 3868 aqi
1297 3793 1393 3870 Ῥώμης
1415 3795 1531 3866 nelarie
1556 3822 1632 3870 erpa-

300 3893 443 3964 resupinam
462 3893 538 3945 αὐτοῦ
557 3891 637 3961 εἴασε,
659 3883 722 3954 ὅπως
740 3914 764 3944 τι
785 3885 932 3960 blandiciae
951 3895 994 3960 τῆς
1013 3891 1147 3953 πολιτείας
1165 3894 1208 3959 τῆς
1225 3893 1335 3952 παλαιᾶς
1355 3891 1442 3966 ἴχνος,
1464 3891 1523 3963 μίαν
1544 3889 1633 3945 ἄπολι-

299 3976 348 4036 uuiu
368 3977 484 4054 σῦνταξιν
504 3985 528 4044 ἐς
546 3979 638 4054 η’μίραν
662 3989 706 4050 <=
726 3989 839 4053 singulus
856 4005 972 4038 annonas
992 3988 1107 4050 diurnas)
1127 3977 1233 4050 iudeaq'
1253 3975 1315 4051 ἦσαν
1335 3983 1362 4036 il
1382 3976 1450 4036 edem
1469 3988 1634 4053 παμπληθεῖς

300 4069 370 4146 dyas,
384 4071 420 4127 1οἵ
435 4097 461 4126 τε
480 4070 528 4148 peip
549 4069 717 4149 σιλεντιᾶριος
735 4077 886 4146 καλουμένος
905 4077 945 4128 aul
965 4076 1110 4148 dcpicarxet
1129 4073 1171 4129 καὶ
1191 4067 1334 4149 σχολᾶριοι
1354 4076 1377 4126 iu
1397 4072 1481 4136 adroic
1499 4068 1571 4142 ἦσαν,
1595 4075 1633 4137 οἷς

301 4159 331 4235 dri
350 4161 418 4220 ἄλλο
440 4163 509 4221 addin
527 4163 691 4222 ὖπιλὲλιιπτο
712 4161 727 4234 ἦ
745 4159 776 4220 ad
793 4169 837 4234 τῆς
857 4165 990 4240 στρατείας
1010 4160 1087 4239 ὄνομα
1111 4160 1197 4240 μένον,
1223 4169 1263 4220 aul
1288 4163 1303 4235 ἦ
1328 4159 1444 4236 admugit
1469 4158 1530 4233 αὕτη
1556 4169 1581 4229 ἐς
1601 4159 1632 4221 ud

300 4256 390 4327 ἀποζῆν
409 4261 553 4334 ἀποχρῶσα
572 4252 647 4330 pilae
664 4255 756 4326 adroic,
775 4250 836 4332 desp
857 4261 880 4320 ir
898 4281 925 4311 τι
944 4260 1035 4322 παῖδας
1053 4261 1093 4312 καὶ
1113 4256 1247 4331 ἀπογόνους
1266 4259 1427 4332 Θευδίριχος
1446 4249 1632 4332 11τοῦ1111111-

300 4351 403 4421 nipnuu
422 4353 546 4404 lullanae.
580 4357 637 4406 Hoc
656 4357 692 4404 ita
711 4357 812 4406 videtur
830 4357 1008 4420 accipiendum
1028 4373 1082 4407 esse
1100 4357 1252 4421 protectoris
1272 4356 1325 4405 lilio
1344 4357 1372 4404 in
1391 4356 1460 4405 idem
1480 4371 1573 4420 corpus
1592 4371 1632 4406 re-

301 4455 374 4511 cepto
394 4447 533 4498 secundum
552 4449 634 4512 legem
654 4461 678 4496 a.
693 4448 746 4498 364
771 4448 858 4512 (snpra
882 4465 907 4512 p.
924 4449 986 4510 135)
1015 4464 1067 4498 111
1092 4464 1166 4498 snum
1191 4447 1347 4512 stipendium
1373 4447 1461 4497 datum
1486 4463 1556 4510 ease,
1587 4449 1633 4499 sed

301 4541 488 4588 successionem
507 4541 588 4588 solam
607 4541 717 4604 paterni.
1248 4603 1250 4607 ι

360 4627 384 4690 ³)
403 4631 464 4680 Ver.
481 4633 568 4692 1,10;
588 4631 718 4682 domestici
729 4638 820 4698 putres
839 4633 944 4697 equitum
963 4638 987 4680 et
1000 4630 1122 4698 peditum,
1143 4633 1186 4697 qui
1204 4637 1304 4682 rruatrae
1320 4631 1396 4680 aulae
1409 4628 1526 4680 uidentur
1539 4631 1633 4698 iupiter

301 4720 422 4772 excultare
524 4721 595 4772 nobie
613 4723 797 4790 supplicatione
815 4725 942 4789 euriquecti
959 4731 1028 4784 11111,
1053 4722 1085 4772 10
1104 4723 1150 4773 ilio
1170 4725 1273 4772 arcario
1294 4722 1478 4790 praefectorum
1496 4739 1549 4789 pro
1568 4739 1631 4773 emu-

302 4815 414 4864 lumentia
432 4813 591 4864 sollemnibus
609 4831 653 4865 uec
672 4816 765 4880 intepri
777 4813 901 4881 penderit
920 4814 1016 4864 solidae
1030 4815 1162 4882 percipere
1182 4821 1205 4864 et
1224 4815 1250 4863 ia
1268 4830 1367 4863 inumera
1384 4815 1479 4880 procia
1492 4830 1518 4864 se
1531 4813 1631 4882 dispeu-

300 4906 346 4955 die
364 4907 492 4956 sustinere.
532 4905 625 4956 Patres
644 4907 796 4956 uocabulum
821 4907 890 4956 varie
914 4913 1063 4971 temptatum
1087 4905 1146 4956 ideo
1170 4907 1299 4956 adiectum
1323 4913 1374 4968 est,
1403 4907 1472 4970 quod
1496 4907 1631 4957 domestici

298 4998 346 5047 lilii
365 4999 459 5047 salario
478 5006 573 5048 carent.

358 5087 383 5149 ⁴)
403 5089 526 5138 Formnla
545 5091 680 5140 comitivae
700 5089 896 5140 domesticorum
917 5098 955 5140 eet
974 5093 1066 5149 var.8,
1084 5093 1125 5152 12,
1144 5091 1280 5141 comitivae
1297 5091 1497 5140 domesticorum
1518 5091 1632 5142 vacantis

300 5183 557 5244 Ιτ11.2,15.6,11.
638 5207 640 5210 ·
