3510 5828
313 475 361 545 70
764 490 1038 542 unumunurn
1065 491 1146 542 von.
1166 491 1210 542 ιιι
1535 493 1654 544 rsa-19³

358 663 448 738 Quod
469 665 500 723 in
522 665 579 722 hoc
596 663 684 722 titulo
703 682 731 719 v.
746 663 763 720 7
785 679 839 737 pro
854 680 872 719 o
885 661 985 720 littere
1000 661 1016 718 b
1031 663 1189 734 invenitur,
1211 663 1275 722 eius
1291 663 1462 721 soloecismi
1478 665 1654 741 exemplum

316 775 365 827 est
384 766 415 824 ni
434 765 523 824 fallor
537 765 668 824 omnium
684 762 933 839 antiquissimum,
957 763 1148 838 repetendum
1163 763 1193 821 id
1209 765 1274 823 sine
1289 763 1379 824 dubio
1394 783 1433 822 ex
1448 781 1505 823 usu
1520 763 1652 837 Graeco,

319 885 499 946 quamquam
516 865 626 926 Graeci
649 881 766 941 quoque
788 863 886 941 primo
907 884 937 939 p.
953 861 1024 922 Ohr.
1048 864 1170 923 saeculo
1185 884 1202 922 o
1216 863 1356 924 Latinum
1378 883 1448 923 raro
1469 884 1523 942 per
1545 867 1561 924 b
1585 866 1654 924 red-

317 970 455 1028 diderunt
480 967 706 1044 (Dittenberger
727 964 859 1023 Hermae
881 964 938 1023 vol.
956 963 973 1022 6
996 984 1025 1042 p.
1042 964 1126 1040 303).
1180 965 1217 1024 In
1238 966 1447 1041 Pompeianis,
1474 985 1552 1042 quae
1579 984 1653 1026 suae

317 1071 425 1131 aetatis
448 1069 547 1128 nullos
569 1083 685 1127 errores
707 1065 880 1136 omiserunt,
903 1065 968 1124 eius
990 1065 1110 1144 generis
1132 1085 1223 1125 unum
1246 1074 1276 1125 et
1294 1085 1331 1126 ne
1345 1085 1411 1126 eum
1426 1067 1546 1143 quidem
1561 1067 1654 1142 plane

318 1182 432 1232 certum
455 1171 587 1248 repperit
608 1167 835 1245 Zangcmeister
856 1164 906 1242 (C.
923 1165 966 1224 lV
988 1187 1016 1226 n.
1034 1161 1150 1225 314512:
1183 1166 1214 1226 G.
1231 1167 1335 1226 Bibius
1357 1168 1394 1226 ci.
1417 1188 1445 1244 p.
1462 1167 1555 1244 257»
1582 1187 1653 1226 nam

324 1273 442 1333 Vesbius
463 1282 494 1330 et
511 1271 645 1330 Vestinus
660 1268 808 1327 immerito
823 1268 1086 1345 reprehenduntur.
1119 1267 1371 1344 Antiquissimum
1387 1269 1467 1344 quod
1483 1267 1655 1328 Gorssenus

318 1375 349 1432 in
377 1373 577 1431 vocalismol
603 1391 632 1448 p.
656 1371 711 1428 131
740 1376 820 1428 recte
846 1369 915 1428 citet
941 1369 1108 1444 exemplum
1135 1367 1300 1443 (nummum
1325 1370 1404 1427 enim
1430 1372 1653 1430 contornistum

319 1494 406 1552 quem
434 1475 534 1533 dicunt
561 1473 667 1530 afferre
695 1489 754 1529 non
782 1469 893 1545 debuit)
922 1469 1024 1528 titulus
1053 1477 1100 1528 est
1126 1469 1255 1528 urbanus
1281 1469 1402 1528 Marinii
1428 1471 1504 1528 Arv.
1526 1491 1556 1548 p.
1572 1472 1653 1530 363:

322 1577 356 1635 Τ.
373 1573 476 1634 stacio
491 1575 568 1650 Aup.
592 1573 611 1629 l.
628 1571 785 1631 Sotericlto.
829 1571 864 1629 ln
884 1571 961 1629 actis
983 1570 1141 1629 Arvalium
1164 1571 1278 1629 similes
1300 1571 1425 1630 mendas
1446 1572 1596 1650 incipiunt
1617 1574 1656 1631 ab

323 1695 401 1736 enno
425 1677 483 1736 183
506 1673 555 1750 (0.
571 1672 627 1746 VI,
648 1671 742 1732 2099:
766 1673 911 1742 bacciam,
933 1671 1070 1742 derbeus,
1091 1670 1222 1747 bittotis).

625 1888 771 1949 ornus
794 1887 884 1964 (Kato
905 1887 1033 1964 Aenea)
1060 1889 1151 1966 (spu.
1167 1888 1212 1947 ιι
1235 1908 1264 1965 p.
1281 1888 1345 1964 45).

321 2010 387 2072 188
409 2010 487 2088 Eph.
503 2009 548 2069 lv
564 2027 590 2084 p.
608 2009 646 2067 45
670 2028 698 2067 n.
716 2007 765 2066 84.
799 2007 883 2067 Vidit
897 2008 1033 2084 Purgold
1055 2016 1214 2085 utrumque
1235 2007 1414 2086 exemplum,
1437 2008 1542 2085 legens
1563 2010 1596 2068 1ιι
1612 2011 1655 2069 al·

364 2122 428 2171 tero
450 2113 467 2170 3
491 2127 585 2170 rusus.

322 2262 387 2324 189
414 2263 492 2339 Eph.
512 2263 556 2320 1v
578 2282 605 2338 p.
623 2262 661 2320 46
684 2283 713 2322 n.
731 2259 779 2321 88.
827 2262 974 2338 Purgold,
1006 2265 1057 2340 qui
1086 2265 1202 2322 litteras
1231 2263 1422 2341 neglegenter
1450 2264 1560 2323 incisas
1590 2281 1661 2324 esse

364 2367 415 2436 111,
437 2364 555 2441 excepit
576 2363 634 2422 sic:
885 2399 989 2441 ΜΛΝ
999 2369 1086 2694 ,οἿ

926 2498 1053 2542 cunrat

924 2599 1076 2655 iuremus

324 2706 472 2766 Videntur
491 2705 582 2780 igitur
607 2705 619 2760 1
644 2705 695 2762 fin.
717 2713 747 2762 11
769 2705 786 2761 3
809 2705 859 2762 fin.
882 2703 1027 2779 quaedam
1049 2705 1196 2764 elementa
1217 2705 1390 2764 desiderari.

329 2845 482 2854 .-—-—
1437 2847 1662 2858 ὴ,-

637 2930 810 2991 renutu
837 2930 879 3008 (p.
896 2931 945 2992 os.
963 2931 1032 2990 aas.
1069 2933 1147 3010 oph.
1165 2933 1209 2990 ιν
1232 2954 1261 3011 p.
1278 2933 1341 3008 47).

325 3069 393 3129 199
416 3069 518 3129 Patris
540 3070 571 3127 in
594 3069 666 3128 villa
686 3069 814 3146 proxeni
837 3069 946 3127 summi
962 3069 1070 3127 Wood.

884 3181 1081 3262 l·ssrvss

924 3304 1054 3360 erns

894 3491 1095 3498 --.—.-...—.
1099 3494 1116 3499 .-

943 3512 1094 3520 ——u—---

330 3373 502 3450 Descripsit
522 3370 665 3448 Purgcld.

605 3599 850 3662 CORINTHVS
878 3599 921 3676 (p.
938 3600 986 3659 99.
1003 3601 1073 3660 984.
1110 3603 1187 3678 Eph.
1204 3603 1250 3662 tv
1271 3623 1299 3679 p.
1316 3605 1378 3680 48).

327 3738 386 3798 191
414 3739 452 3796 ad
480 3758 509 3796 n.
532 3738 600 3797 540.
657 3735 739 3796 Saxo
790 3736 856 3795 199
882 3737 985 3797 eodem
1012 3738 1079 3796 loco
1105 3740 1203 3798 simile
1247 3738 1313 3799 199
1336 3742 1406 3798 item
1429 3742 1559 3800 tertium.

369 3840 466 3898 inciae
486 3839 596 3898 litteris
624 3839 740 3915 magnis
833 3857 948 3896 saxum.

369 3940 580 3998 Acrocorinthi
608 3941 639 3997 in
671 3958 739 4015 por·

372 4049 431 4112 tae,
452 4061 505 4118 per
524 4059 613 4116 quum
628 4041 689 4098 itur
703 4041 741 4099 ud

370 4143 499 4214 fontem,
525 4141 592 4219 pila
609 4141 740 4200 sinistra.
1371 4201 1385 4240 t
1400 4199 1407 4238 Ι
1421 4199 1437 4239 Ε
1449 4199 1466 4239 R
1479 4197 1502 4240 0

433 4292 608 4336 mvssrvs
897 4293 1060 4337 cucero
1392 4299 1504 4340 a·n·1u

471 4379 522 4437 lxu
556 4395 574 4434 κ
604 4397 624 4436 Α
929 4395 1005 4438 von
1026 4395 1091 4438 acc
1425 4399 1490 4442 ssa
1597 4379 1598 4382 ’

330 4503 498 4578 Descripsit
519 4511 580 4563 tres
601 4505 656 4564 hos
678 4505 783 4565 titulos
805 4505 871 4564 Ioh.
895 4502 1030 4566 Schmidt
1051 4514 1083 4564 ut
1104 4508 1203 4582 potuit
1224 4513 1345 4581 propter
1366 4503 1424 4562 loci
1449 4504 1667 4566 obscuritatem

331 4605 481 4680 ediditque
503 4605 597 4664 Mitto.
621 4608 670 4666 des
692 4608 771 4666 orcle.
795 4607 925 4666 Instituts
947 4611 978 4665 in
999 4606 1093 4665 Athea
1116 4609 1134 4667 6
1157 4606 1267 4684 (1881)
1290 4624 1318 4682 p.
1336 4606 1406 4664 355.

372 4706 565 4779 Emendatio,
595 4726 683 4784 quam
706 4709 737 4766 in
759 4709 890 4767 secunda
911 4708 1006 4767 editor
1026 4709 1169 4784 proponit
1189 4725 1234 4768 v·
1251 4723 1304 4766 tn·
1320 4721 1398 4776 svo,
1424 4724 1532 4783 parum
1553 4708 1670 4785 placet,

331 4827 399 4868 eum
421 4808 452 4868 in
474 4809 571 4883 prima
592 4809 663 4868 item
685 4827 705 4866 s
719 4810 797 4868 nude
812 4827 943 4870 mensem
959 4809 1113 4887 significet.
1150 4810 1294 4868 Fortasse
1317 4817 1473 4884 utrumque
1493 4811 1670 4871 eonomine

332 4908 451 4968 defendi
475 4917 583 4985 potest,
605 4910 684 4986 quod
708 4929 784 4969 saxa
804 4911 902 4970 incisa
923 4920 993 4971 sunt
1014 4922 1076 4971 tum
1099 4931 1165 4970 eum
1188 4911 1308 4970 colonia
1323 4909 1464 4970 (laesuris
1479 4913 1603 4972 condita
1618 4915 1671 4986 sit,

332 5019 401 5070 ante
421 5020 566 5070 mutatum
588 5031 696 5071 nomen
717 5011 828 5070 mensis
851 5014 956 5072 octavi.
1011 5029 1051 5074 cc
1072 5020 1170 5072 autem
1191 5033 1247 5091 pro
1269 5032 1393 5074 numero
1426 5013 1520 5090 accipi
1543 5017 1671 5091 poterit.

334 5143 372 5154 -
395 5111 432 5172 Ιιι
454 5113 653 5172 tertiafuerit
674 5130 795 5173 necesse
816 5121 1152 5174 ests-n·ru·1‹·ser
1175 5115 1222 5175 vel
1244 5131 1305 5174 sex.
