3450 5842
340 533 413 604 650
775 547 1051 600 emorrannum
1078 549 1162 600 von.
1176 549 1246 600 vm
1540 553 1686 602 rara-nu

340 735 448 783 motae.
492 712 576 790 Za'aoe
597 711 697 792 μείζων
718 739 795 796 quae
818 739 836 778 a
858 721 1032 780 Ptolemaeo
1061 721 1108 797 (4,
1130 723 1163 794 3,
1187 723 1240 798 33)
1268 723 1440 781 collocatur
1470 734 1548 800 post
1570 724 1684 782 Mustin

340 837 370 885 et
384 826 578 884 Themisuam
601 824 699 882 neseio
722 841 820 898 quam,
843 822 921 880 hane
943 840 1009 882 esse
1032 833 1165 901 apparet,
1187 844 1256 882 vere
1278 843 1297 882 a
1318 824 1418 883 Musti
1443 826 1581 902 propius
1602 847 1687 884 remo

340 937 401 987 tam
424 947 513 1004 quam
535 936 650 984 remota
671 935 719 984 est
740 925 844 983 altera.
899 923 1018 983 Colonia
1039 925 1127 984 Aelia
1148 925 1305 984 Hadriana
1328 927 1472 1003 Aepueta
1494 929 1597 986 Zama
1618 934 1686 1004 repta

341 1039 409 1088 utra
431 1048 531 1088 earum
554 1029 658 1096 fuerit,
686 1027 782 1084 adhue
804 1027 970 1103 quaeritur3
999 1046 1067 1084 nam
1090 1027 1151 1086 alia
1173 1037 1349 1102 argumenta
1371 1030 1461 1100 huie,
1489 1029 1558 1088 alia
1581 1031 1624 1088 illi
1645 1050 1686 1106 pa·

340 1132 540 1203 trutinantur,
567 1139 597 1188 et
622 1129 653 1186 iu
677 1147 794 1188 summa
819 1149 851 1185 re
873 1129 1011 1204 quaestio
1038 1147 1098 1187 uon
1125 1129 1198 1187 tanti
1221 1130 1363 1188 momenti
1387 1141 1455 1202 est,
1485 1151 1559 1190 eum
1587 1133 1686 1209 oppida

342 1235 401 1292 duo
429 1251 487 1289 uon
511 1230 669 1290 admodum
696 1231 785 1308 louge
807 1231 929 1288 distant.
974 1230 1047 1288 Mihi
1071 1231 1180 1290 Zamae
1204 1230 1345 1306 Djiumia
1366 1233 1472 1309 magis
1501 1233 1555 1292 ius
1584 1239 1614 1291 iu
1635 1234 1685 1292 ela·

340 1356 404 1394 rum
428 1353 537 1392 nomen
558 1333 771 1392 videturesse.
809 1331 887 1390 Nam
908 1333 1044 1408 quamvis
1066 1332 1102 1389 de
1125 1333 1357 1408 perturbatione,
1380 1353 1481 1410 quam
1506 1335 1683 1394 itinerarium

342 1438 398 1495 hoe
420 1437 486 1494 loeo
508 1435 612 1504 subiit,
642 1435 701 1492 iam
724 1434 814 1492 etiam
836 1435 933 1510 magis
959 1442 1089 1504 constet,
1118 1435 1197 1510 quod
1224 1435 1267 1494 ibi
1288 1436 1319 1494 X
1336 1455 1375 1494 m.
1394 1455 1427 1511 p.
1457 1437 1498 1494 ab
1523 1439 1683 1496 Assuribue

341 1539 504 1596 collocatur
525 1538 619 1596 Zama
641 1536 750 1613 Regia,
779 1536 810 1594 iul
837 1537 867 1592 in
892 1535 1032 1610 Djiamtia
1054 1537 1150 1594 uicum
1178 1537 1367 1613 aliquatenus
1397 1541 1564 1610 convenit,
1592 1557 1683 1614 quan·

341 1660 430 1718 quam
446 1639 509 1698 XX
526 1640 678 1698 minimum
694 1638 777 1696 milia
797 1655 941 1716 passuum
964 1638 1040 1696 iuter
1054 1657 1121 1696 eum
1136 1647 1167 1697 et
1181 1639 1314 1697 Assuras
1330 1640 1545 1700 intercedunt.
1570 1641 1627 1700 Ta
1638 1641 1683 1715 ll]

344 1795 823 1812 Μ

714 1919 769 1978 Ην.
792 1919 849 1976 Bir
871 1918 1024 1978 el·Alcmin
1047 1918 1154 1995 (supra
1175 1939 1202 1996 p.
1221 1917 1306 1996 288).

341 2077 433 2138 1474
459 2077 497 2134 ad
520 2075 775 2154 Eph.v11.307.
821 2075 867 2134 De
895 2074 1021 2153 collegio
1048 2075 1224 2135 funeratioio
1249 2077 1314 2135 illie
1343 2095 1393 2134 me
1425 2077 1511 2136 falso
1543 2079 1680 2156 cogitasse

384 2199 454 2238 mox
475 2179 621 2238 intellexi.

741 2473 996 2536 MEMBRESSA
1019 2475 1126 2554 (supra
1147 2493 1176 2551 p.
1192 2475 1276 2551 345).

341 2633 428 2693 1475
458 2635 494 2692 ad
517 2633 636 2709 spnv
658 2652 686 2691 u.
704 2630 774 2690 528.
811 2631 931 2691 Codicis
953 2632 1058 2690 lustin.
1081 2633 1165 2691 loeus
1187 2631 1399 2691 aVilleiossio
1425 2633 1575 2693 laudatus
1596 2645 1637 2693 est
1656 2633 1677 2698 i,

385 2737 433 2808 65,
451 2739 468 2794 5
492 2735 565 2810 (nou
584 2735 612 2804 8,
630 2733 678 2805 65,
693 2734 724 2807 5)
731 2755 739 2806 3
762 2735 798 2793 ei.
815 2734 880 2792 eod.
894 2733 1008 2793 Theod.
1025 2733 1045 2790 l.
1062 2734 1100 2792 37
1118 2736 1152 2792 de
1166 2735 1414 2810 appellationibus
1432 2736 1507 2811 (XI,
1526 2737 1592 2812 30),
1613 2737 1631 2794 l.
1645 2733 1675 2790 tt

384 2856 501 2912 qaorum
524 2837 730 2912 appellationes
754 2835 822 2910 (XI,
839 2835 903 2910 36),
927 2837 1014 2894 etiam
1037 2836 1057 2893 l.
1075 2834 1124 2894 24.
1147 2835 1166 2893 l.
1184 2835 1233 2895 35.

602 3130 770 3193 CIVITAS
796 3129 1134 3191 LAMBAESITANA
1157 3131 1263 3209 (supra
1285 3151 1313 3209 p.
1330 3132 1421 3208 406).

340 3290 431 3352 1476
455 3289 491 3348 ad
514 3289 632 3366 tapnv
654 3308 683 3346 u.
702 3289 769 3348 736.
814 3286 936 3366 Spectat
958 3289 995 3346 ad
1018 3286 1053 3348 C.
1077 3309 1103 3346 u.
1122 3287 1213 3360 2949,
1235 3307 1295 3346 nou
1318 3289 1357 3346 ml
1381 3287 1479 3348 2924.

340 3549 430 3608 1477
460 3550 490 3606 in
512 3549 612 3627 lapide
635 3547 695 3607 alto
718 3568 756 3606 m.
772 3546 859 3621 0,86,
886 3547 947 3605 lato
970 3547 1057 3620 0,40‚
1085 3547 1140 3604 litt.
1158 3547 1244 3618 0,03;
1279 3565 1343 3624 rep.
1365 3545 1539 3610 Lambaesi
1567 3551 1596 3608 iu
1619 3547 1671 3606 iuro

379 3653 448 3728 pria
469 3653 509 3709 du
527 3652 624 3727 prend
644 3651 752 3726 temple.

832 3748 851 3792 c
863 3755 877 3786 o
889 3751 910 3790 Ν
925 3747 993 3791 sua
1005 3748 1025 3788 Ν
1039 3749 1057 3790 τ
1069 3748 1077 3788 1
1090 3749 1111 3790 Ν
1125 3749 1141 3790 s

831 3848 1140 3894 'mosmcsemsu

832 3937 1141 3994 macrsrnwos

832 4052 1024 4096 caaurmvs
1057 4053 1140 4095 neo

832 4155 952 4196 naurs
985 4155 1023 4195 ετ
1050 4154 1140 4197 unce

893 4254 1085 4298 eorrnva

831 4355 1140 4418 mmmmmco

831 4443 895 4502 uio
921 4457 989 4500 sese
1012 4457 1139 4501 eaovru

831 4560 899 4604 cra
931 4558 1141 4602 monsraar

761 4666 787 4704 10
829 4647 1140 4705 mlle0tH1tte

830 4762 964 4806 caveus
992 4763 1028 4804 er
1053 4761 1140 4805 enon

830 4866 878 4906 ura
900 4865 991 4907 saeva
1016 4847 1140 4907 rinnel

338 5015 444 5074 Poulle
466 5034 519 5074 aaa.
544 5017 577 5072 ale
602 5012 696 5073 Conet.
711 5013 809 5072 XXII
832 5032 860 5088 p.
876 5011 936 5070 395
961 5031 988 5068 u.
1007 5011 1076 5070 158.

380 5117 489 5176 Refero
511 5135 588 5192 quae
611 5116 690 5174 edita
712 5123 790 5175 sunt.
823 5115 918 5190 Lapis
934 5114 1070 5190 quamvis
1087 5113 1184 5171 denuo
1201 5113 1394 5174 examinetur
1410 5125 1564 5194 oporteat,
1586 5125 1668 5176 tamen

337 5218 452 5278 titulum
476 5219 622 5296 insignem
646 5237 682 5277 ne
705 5237 781 5278 nune
803 5217 921 5294 quidem
943 5215 1081 5275 omittere
1104 5215 1200 5275 satius
1224 5214 1306 5273 duxi.
