3518 5828
356 515 425 582 110
929 529 1110 580 nonnssn

352 705 549 763 conderentur
571 711 601 761 et
623 703 710 760 etiam
739 711 808 777 post
831 701 916 759 Pium
945 703 1000 759 sub
1024 701 1125 758 Marco
1152 711 1287 760 neutrum
1315 701 1404 776 plane
1430 701 1567 760 clausam
1594 708 1687 759 esset.

352 805 390 864 Ei
418 806 522 876 aetati,
552 805 733 882 temporibus
763 804 878 861 scilicet
899 803 1023 860 Traiani
1050 805 1191 862 extremis
1220 810 1250 863 et
1271 803 1417 862 Hadriani
1439 803 1563 879 Piique,
1597 803 1688 861 etiam

353 908 499 966 sermonis
521 908 687 984 proprietas
711 907 851 964 convenit
873 905 1008 962 omnibus
1032 913 1166 963 vetustae
1189 905 1412 964 consuetudinis
1437 905 1569 981 vestigiis
1597 905 1688 963 desti·

352 1018 429 1080 tnta,
463 1010 514 1066 sed
543 1009 641 1066 aliena
666 1009 735 1066 item
764 1027 782 1064 a
810 1007 1004 1064 barbarismis
1032 1007 1098 1064 aevi
1126 1006 1268 1078 labentis,
1302 1025 1480 1082 quamquam
1515 1007 1688 1065 soloecismi

352 1111 437 1183 tales,
461 1111 565 1186 quales
588 1110 736 1167 tenuiores
758 1109 839 1166 omni
862 1115 958 1166 aetate
977 1108 1200 1182 commiserunt,
1222 1109 1252 1166 in
1268 1109 1314 1167 his
1329 1127 1446 1185 quoque
1462 1109 1557 1167 titulis
1573 1109 1688 1184 passim

353 1212 620 1288 deprehenduntur.
666 1211 777 1268 Verum
801 1219 847 1268 est
869 1210 1028 1284 aliquoties
1055 1212 1178 1288 reperiri
1205 1211 1330 1286 pluralis
1357 1211 1606 1286 significationem
1634 1231 1688 1286 per

352 1315 479 1392 litteram
515 1324 677 1371 extremam
705 1312 884 1390 geminatam
913 1313 960 1370 vel
988 1311 1207 1388 triplicatam¹)
1240 1313 1368 1387 itemque
1397 1313 1524 1371 duorum
1551 1313 1687 1388 adeoque

352 1416 440 1473 trium
465 1418 668 1492 Augustorum
692 1415 871 1472 mentionem
895 1411 1018 1488 inici⁹);
1049 1433 1102 1472 nec
1125 1413 1222 1471 minus
1246 1433 1347 1472 verum
1370 1426 1429 1484 est,
1459 1417 1485 1472 si
1511 1432 1687 1472 communes

352 1517 434 1592 leges
457 1517 625 1593 sequimur,
648 1527 707 1574 tam
731 1518 787 1574 hoe
809 1535 898 1592 quam
921 1515 972 1572 illo
995 1515 1104 1572 iudicio
1127 1515 1165 1572 ad
1187 1516 1306 1574 tertium
1331 1516 1481 1575 saeculum
1503 1534 1566 1574 rem
1589 1525 1686 1574 trans-

352 1617 432 1675 ferri.
477 1618 769 1694 organisationem
792 1618 920 1693 pluralis
943 1617 1131 1693 significandi
1154 1635 1246 1675 causa
1267 1617 1356 1676 hodie
1377 1625 1495 1675 constat
1519 1636 1579 1676 non
1602 1618 1687 1690 alibi,

353 1719 404 1777 sed
426 1720 456 1777 in
474 1721 576 1778 Africa
596 1721 655 1778 iam
670 1718 826 1777 Hadriano
849 1721 1013 1794 imperante
1038 1719 1067 1776 in
1083 1737 1140 1778 usu
1154 1718 1292 1795 luisse³),
1314 1729 1347 1777 ut
1361 1719 1389 1776 id
1405 1720 1574 1797 compendii
1589 1737 1686 1797 genus

353 1821 485 1880 conicias
507 1822 644 1899 coepisse
667 1841 686 1878 a
707 1821 920 1898 grammatistis
937 1818 1245 1899 Carthaginiensibus,
1268 1832 1463 1898 propagatum
1478 1823 1548 1880 inde
1563 1823 1686 1881 saeculo

353 1923 488 2000 sequenti
511 1924 548 1982 ad
569 1924 688 1982 Italiam
711 1923 902 2000 reliquasque
925 1924 1102 1998 provincias.
1154 1923 1263 1981 Plures
1284 1925 1412 2000 Augusti
1434 1925 1585 1999 quomodo
1609 1925 1687 1982 acci-

351 2025 453 2100 piendi
475 2026 536 2082 sint
557 2037 589 2084 ut
612 2027 708 2084 adhuc
730 2044 835 2101 parum
857 2025 1028 2100 constat⁴),
1056 2027 1097 2084 ita
1118 2045 1205 2084 nemo
1228 2027 1335 2102 opinor
1357 2034 1478 2103 propter
1499 2026 1580 2085 huno
1603 2045 1685 2085 scru-

351 2126 453 2201 pulum
477 2127 589 2202 titulos
603 2127 742 2186 detrudet
763 2127 800 2184 ad
822 2127 972 2184 saeculum
997 2125 1107 2187 Severi.

394 2227 459 2286 Iam
487 2228 536 2286 ubi
561 2246 617 2287 nos
643 2229 843 2288 convertimus
871 2227 907 2286 ed
935 2229 1087 2288 titulorum
1115 2239 1333 2307 argumentum,
1365 2247 1442 2305 quae
1468 2231 1498 2288 in
1525 2231 1564 2289 iis
1592 2251 1688 2289 enun-

352 2330 464 2388 tiantur
485 2329 625 2406 officiat)
653 2339 771 2408 praeter
792 2349 889 2407 pauca
910 2331 1051 2389 militaria
1072 2331 1222 2408 pertinent
1242 2331 1281 2390 ad
1302 2351 1363 2390 rem
1385 2332 1564 2391 familiarem
1593 2333 1687 2410 impe·

411 2512 435 2574 ¹)
458 2511 529 2564 Caes.
549 2531 606 2572 aaa.
626 2515 714 2564 eer.A
734 2516 823 2574 n.24;
848 2531 922 2581 proc.
941 2513 1082 2580 Aaqqq.A
1103 2531 1127 2566 n.
1144 2516 1192 2578 63;
1219 2513 1321 2578 [sebna
1339 2515 1439 2582 Aapqp.
1462 2515 1485 2564 A
1511 2532 1537 2565 n.
1553 2518 1586 2566 51
1611 2517 1688 2579 (vidit

352 2605 493 2668 Schmidt);
514 2605 599 2672 Aepy.
618 2621 666 2656 ser.
687 2607 836 2656 slmiliterre
857 2605 900 2656 61.
921 2606 964 2656 68.
986 2608 1029 2656 83.

409 2695 434 2760 ¹)
453 2695 554 2765 Hospes
574 2695 644 2748 Caes.
664 2715 722 2750 nan.
741 2699 828 2750 semi
849 2715 874 2747 n.
888 2700 931 2748 24.
952 2725 984 2734 -
1006 2697 1037 2748 Ρ.
1052 2699 1140 2748 Aeliae
1155 2699 1322 2766 Aspustoram
1342 2699 1424 2750 1le
1444 2717 1470 2751 n.
1485 2698 1551 2762 261;
1573 2716 1686 2766 quocum

352 2791 521 2855 componendi
545 2796 604 2840 sunt
625 2792 693 2840 tituli
716 2791 808 2840 urbani
830 2788 937 2840 Publius
961 2790 1050 2840 Aelius
1069 2791 1153 2857 Aupp.
1181 2790 1224 2841 lib.
1248 2789 1381 2842 Gallesion
1408 2793 1436 2843 C.
1451 2793 1473 2842 Ι.
1489 2793 1535 2844 Gr.
1557 2794 1630 2842 6346
1651 2813 1685 2835 =

352 2881 381 2931 C.
395 2883 417 2930 1.
432 2883 462 2932 L.
476 2883 522 2944 VI,
540 2883 642 2945 10657;
661 2880 694 2932 P.
708 2882 764 2932 Aet.
780 2883 864 2948 Aapp.
885 2880 928 2932 b'b.
946 2879 1126 2954 Chrysanthus
1141 2881 1220 2934 Orell.
1236 2883 1307 2934 4509
1328 2904 1362 2924 =
1382 2885 1412 2935 C.
1427 2887 1449 2936 1.
1462 2885 1492 2934 L.
1513 2886 1561 2945 Vl,
1579 2886 1685 2946 10876;

353 2973 443 3023 Aelius
461 2991 526 3024 ...e
541 2974 677 3040 Auyustor.
694 2973 761 3038 [lib]
775 2975 809 3024 ib.
821 2975 868 3035 VI,
885 2975 974 3024 10620
993 2975 1140 3039 similesque
1159 2975 1238 3024 adlati
1257 2977 1289 3025 ab
1303 2975 1479 3026 Hirschfeldio
1497 2973 1686 3042 Verwaltanpa-

352 3064 435 3130 pescli.
457 3068 469 3114 1
491 3083 517 3131 p.
532 3067 593 3116 276.
641 3067 760 3116 Duorum
779 3066 954 3130 Augustorum
978 3067 1045 3116 servi
1069 3067 1186 3116 libertina
1210 3068 1304 3131 reperti
1329 3075 1388 3118 sunt
1410 3083 1503 3132 magno
1523 3083 1634 3118 numero
1659 3070 1687 3118 in

353 3158 512 3208 columbario
533 3165 639 3225 utroque
665 3157 700 3220 (A
720 3175 745 3208 ιι.
761 3159 804 3208 51.
826 3159 869 3208 57.
890 3159 934 3208 67.
955 3159 998 3209 68.
1019 3137 1144 3208 83.¹107.
1185 3157 1296 3209 Bmisa.
1316 3175 1341 3209 n.
1356 3162 1381 3210 9.
1402 3160 1503 3211 35.49.
1521 3161 1564 3211 61.
1580 3162 1625 3211 65.
1641 3162 1685 3211 63.

353 3250 420 3300 Vall.
440 3267 464 3300 ιι.
482 3251 554 3312 118).
575 3277 607 3287 -
629 3249 705 3300 Proc.
726 3249 828 3317 Auppp.
848 3250 872 3299 A
892 3267 917 3301 n.
933 3251 976 3300 63.

411 3338 436 3402 ⁸)
459 3338 526 3392 Coss.
546 3343 638 3408 legitur
656 3349 709 3392 mm
729 3345 756 3392 in
776 3349 878 3392 senatus
897 3343 1013 3392 consulto
1026 3343 1058 3391 de
1072 3343 1193 3392 nundinis
1207 3343 1286 3392 saltus
1295 3342 1437 3407 Beguensis
1450 3359 1475 3394 a.
1488 3345 1539 3394 1as
1555 3343 1597 3405 (C.
1609 3346 1686 3406 VIII,

354 3432 417 3495 210)
437 3449 513 3499 qnam
533 3436 560 3484 in
580 3435 682 3484 decreto
700 3435 862 3486 Burunitano
881 3437 1023 3500 imperante
1043 3434 1188 3484 Commodo
1207 3435 1311 3498 scripto.
1350 3435 1390 3485 ct.
1412 3435 1441 3486 G.
1455 3436 1525 3486 VIII
1544 3453 1569 3500 p.
1586 3437 1667 3487 1060.

410 3523 435 3587 ⁴)
458 3523 529 3576 Caes.
548 3543 607 3576 rana.
626 3542 713 3577 seram
731 3535 799 3578 recte
819 3527 901 3592 accipi
921 3527 1015 3591 poterit
1034 3527 1066 3576 de
1079 3527 1241 3590 Vespasiano
1256 3527 1315 3577 Tito
1325 3526 1487 3577 Domitiano.
1517 3531 1556 3578 At
1568 3527 1601 3578 P.
1615 3529 1689 3578 Aelii

353 3615 522 3683 Augustorum
541 3616 626 3668 liberti
644 3635 694 3684 quo
714 3621 816 3684 proprie
836 3620 989 3684 pertineant,
1009 3633 1103 3682 anceps
1122 3620 1238 3682 quaestio
1253 3625 1298 3667 est.
1332 3618 1416 3680 Quam
1431 3621 1566 3684 proposuit
1579 3621 1687 3670 Hirsch-

353 3709 446 3760 leldius
464 3710 482 3760 l.
496 3727 518 3760 c.
538 3712 776 3776 interpretationem
794 3712 932 3776 significari
952 3726 1004 3760 non
1017 3719 1069 3760 tam
1083 3711 1225 3775 principem
1239 3711 1451 3760 manumissorem
1465 3727 1543 3776 qnam
1556 3713 1687 3777 principes

353 3817 383 3850 eo
404 3809 530 3867 tempore,
557 3820 607 3868 quo
629 3804 717 3854 titulus
739 3805 837 3868 positus
862 3811 911 3865 est,
941 3805 1110 3867 imperantes,
1133 3817 1180 3866 per
1205 3817 1232 3851 se
1256 3809 1324 3851 recte
1347 3802 1437 3865 babet,
1462 3818 1524 3853 nam
1543 3805 1688 3854 Caesarum

353 3895 392 3944 lus
410 3901 562 3960 patronatus
582 3912 639 3946 cum
658 3897 758 3960 reliqua
776 3911 864 3946 eorum
884 3911 912 3945 re
930 3895 1052 3945 familiari
1073 3895 1106 3944 od
1125 3895 1252 3958 principes
1271 3895 1427 3958 posteriores
1447 3896 1588 3946 descendit.
1633 3896 1689 3948 Sed

353 3987 388 4036 ita
408 3987 475 4037 tituli
494 3988 521 4038 hi
536 3988 761 4052 Carthaginienses
780 3989 868 4052 scripti
887 3990 939 4038 sint
957 4003 1060 4038 necessa
1080 3992 1118 4036 est
1136 3987 1183 4036 aab
1202 3987 1401 4051 imperatoribus
1414 3988 1504 4038 Marco
1519 3995 1544 4037 et
1557 3989 1639 4050 Vero,
1660 3988 1688 4038 id

353 4079 423 4143 quod
442 4080 513 4129 nullo
531 4080 610 4130 modo
631 4081 732 4130 admitti
751 4081 853 4144 poterit.
892 4081 1029 4130 Henaenns
1047 4079 1174 4130 urbanum
1189 4079 1240 4140 VI,
1263 4079 1352 4130 10620
1371 4081 1502 4131 revocavit
1520 4080 1553 4129 od
1573 4080 1687 4131 Hadria·

353 4186 414 4220 num
434 4179 459 4220 et
477 4172 613 4234 Sabinam,
638 4188 685 4238 per
703 4189 731 4223 se
750 4174 811 4222 item
830 4178 911 4234 recte;
937 4174 983 4223 red
1002 4174 1056 4223 eius
1080 4175 1192 4225 mulieris
1216 4175 1314 4224 nullum
1339 4173 1462 4223 indicium
1487 4173 1554 4222 tituli
1575 4173 1688 4222 Cartba-

352 4263 482 4327 ginienses
501 4265 635 4316 dedarunt.
678 4264 762 4325 Quam
782 4265 815 4314 ob
838 4281 892 4315 rem
916 4267 1068 4328 videndum,
1092 4282 1178 4318 annon
1202 4267 1308 4333 pluralis
1334 4267 1495 4316 consecutive
1519 4265 1689 4329 accipiendus

353 4355 394 4414 sit,
414 4363 442 4404 ut
461 4357 571 4406 duorum
584 4359 759 4420 Augustorum
778 4357 883 4407 libertus
903 4359 924 4406 is
944 4360 1095 4423 appelletur,
1116 4360 1159 4424 qni
1178 4360 1350 4410 manumissus
1364 4359 1397 4408 ab
1410 4358 1544 4408 Hadriano
1557 4365 1619 4422 post
1631 4359 1689 4408 eius

355 4445 450 4496 obitum
470 4447 547 4498 Pium
565 4455 701 4513 patronum
720 4449 846 4498 habuerit.
893 4450 957 4501 Utut
976 4457 1025 4514 est,
1051 4451 1099 4502 hos
1119 4452 1205 4502 titirlos
1225 4458 1322 4502 certum
1342 4457 1381 4501 est
1403 4465 1457 4500 esse
1481 4451 1537 4500 aevi
1557 4451 1688 4499 Hadriani

354 4545 379 4586 et
397 4539 448 4589 Pii.
473 4565 506 4574 -
530 4538 724 4591 Procuratorem
742 4542 815 4591 triam
836 4541 1004 4607 Aapustoram
1023 4545 1067 4608 qui
1086 4545 1295 4609 interpretabitur
1314 4544 1346 4593 ad
1366 4543 1512 4608 exemplum
1532 4543 1604 4591 serat
1625 4539 1689 4591 Coe-

353 4645 438 4679 suram
457 4632 543 4693 trs'am,
564 4633 609 4682 vix
627 4633 803 4697 persuadebit,
823 4633 975 4700 debebitque
994 4635 1035 4685 bic
1055 4651 1155 4702 quoqne
1174 4637 1283 4687 fortasse
1303 4637 1385 4701 accipi
1405 4636 1437 4685 de
1456 4650 1487 4684 eo
1507 4635 1552 4699 qui
1569 4634 1689 4700 pluribus

353 4721 549 4787 imperatoribus
568 4739 601 4773 ex
621 4725 712 4775 ordine
730 4727 885 4791 procuravit.

413 4812 436 4876 ⁵)
456 4815 487 4866 In
506 4817 650 4882 fragmento
669 4815 694 4866 B
710 4817 779 4869 Vall.
799 4820 892 4869 n.141
913 4821 969 4870 viso
989 4820 1066 4872 etiam
1086 4821 1244 4874 Schmidtio:

905 4925 968 4968 cors
991 4939 998 4955 ·
1017 4929 1038 4968 Ν
1055 4941 1061 4954 ·
1078 4927 1132 4969 SER

953 5011 967 5050 L
983 5011 1002 5050 Α
1018 5010 1037 5050 Τ
1054 5009 1076 5053 0
1092 5012 1131 5052 at

886 5094 936 5135 adst
953 5093 1043 5135 MN
1055 5094 1133 5136 ·1111Χ

354 5195 416 5260 quid
435 5196 512 5246 tuerit
530 5197 655 5248 incertum
675 5204 727 5260 est;
747 5197 856 5249 fortasse
877 5195 1060 5263 [culcu]latori.
