3450 5842
333 555 407 636 604
784 577 1060 636 lnnr'ruuunuu
1086 584 1171 638 vor..
1191 581 1234 638 nr
1636 587 1678 636 ιιι

376 757 560 818 Litteratura
581 779 646 818 cum
670 769 750 820 vetet
772 761 891 818 titulum
914 760 1026 818 referre
1049 758 1086 817 ad
1109 759 1322 835 cognominem
1343 759 1519 819 hominem
1536 760 1679 836 posterioris

334 843 452 914 aetatis,
476 844 553 902 tituli
576 862 695 921 quoque
717 845 768 921 qui
792 844 903 921 reperti
927 853 996 902 sunt
1016 843 1085 900 Deli
1107 843 1281 920 pertineant
1303 845 1378 903 sere
1405 844 1452 902 ad
1476 854 1613 920 tempora
1631 843 1680 900 libe

335 943 386 983 rae
407 928 451 985 rei
473 928 625 1003 publicae,
654 931 702 986 hie
723 929 852 1006 scriptus
876 929 916 986 sit
938 945 1063 986 necesse
1085 938 1130 985 est
1155 928 1185 986 in
1211 928 1282 1003 ipso
1311 928 1487 1004 principio
1517 929 1588 985 anni
1612 929 1678 985 secui

334 1027 412 1080 eum,
435 1029 494 1086 quo
511 1010 597 1072 Sulla
618 1012 714 1072 fasces
736 1013 840 1089 gessit,
863 1013 894 1069 id
909 1019 956 1070 est
971 1013 1092 1071 ineunte
1114 1031 1141 1070 a.
1154 1031 1182 1068 u.
1199 1030 1223 1068 e.
1238 1012 1313 1083 667,
1340 1021 1405 1070 aut
1423 1023 1503 1070 ante
1519 1030 1607 1087 quam
1621 1010 1679 1070 Sclh

334 1093 365 1151 in
381 1092 540 1153 Graeciam
563 1097 644 1155 veuit
666 1109 718 1154 aut
739 1108 819 1155 certe
841 1104 910 1153 aute
934 1114 1022 1171 (luam
1039 1095 1239 1153 Mithridatem
1265 1095 1417 1170 primum
1438 1097 1534 1165 vicit;
1558 1115 1620 1153 nam
1634 1114 1678 1152 nor

335 1195 402 1234 eum
424 1179 633 1255 imperatorem
657 1180 854 1238 acclamatum
878 1197 945 1237 esse
967 1179 1088 1236 dubium
1112 1199 1171 1236 uon
1193 1187 1240 1236 est
1264 1189 1295 1238 et
1314 1188 1505 1258 propterea
1523 1180 1679 1255 proconsulis

334 1262 510 1320 vocabulum
534 1264 721 1340 deposuisse.
765 1263 831 1322 Nec
853 1283 906 1320 cur
928 1264 1093 1320 honoratus
1116 1263 1154 1319 sit
1177 1263 1259 1318 latet.
1307 1263 1401 1321 Pace
1429 1273 1530 1340 rupta
1553 1266 1623 1321 inter
1641 1263 1679 1319 lla

336 1361 441 1403 manos
468 1357 498 1404 et
524 1367 624 1424 regern
646 1348 739 1406 Ponti
761 1347 963 1406 Mithridatem
990 1366 1055 1405 cunr
1080 1346 1284 1404 Athenienses
1316 1348 1362 1404 ab
1398 1348 1469 1408 illis
1500 1348 1679 1414 descivissent

338 1427 434 1486 Delus
458 1431 566 1502 insula,
589 1451 665 1507 quae
687 1449 722 1488 eo
746 1443 878 1532 tempore
894 1430 1123 1488 Atheniensium
1144 1438 1217 1501 crat,
1240 1431 1271 1486 in
1297 1431 1365 1488 fide
1386 1433 1514 1490 mansit
1538 1432 1679 1508 (Appianas

336 1511 436 1570 Mithr.
453 1514 508 1571 28:
539 1515 631 1582 Ailou
654 1506 848 1589 ἇφισιιιμέιηυ
870 1508 927 1570 (1πό
948 1507 1144 1587 Ἀθηναιων),
1171 1513 1295 1570 omnino
1319 1523 1467 1592 propter
1492 1517 1579 1574 cives
1599 1515 1679 1572 Rona-

335 1613 391 1652 nos
415 1615 522 1673 magno
546 1617 670 1657 numero
693 1599 734 1655 ibi
757 1599 962 1674 degentes,et
983 1617 1045 1654 rem
1068 1597 1215 1672 publicam
1232 1615 1321 1654 suam
1343 1598 1412 1656 sibi
1432 1601 1604 1657 coustituit
1637 1597 1679 1654 ilar

336 1679 450 1738 scilicet
472 1683 591 1757 aperuit
612 1683 661 1778 qui
683 1701 777 1759 nuper
799 1683 839 1740 ibi
850 1681 997 1780 prodiit
996 1681 1098 1739 titulus
1121 1679 1228 1755 (edidit
1249 1679 1449 1741 Hourollius
1474 1683 1552 1742 batt.
1576 1685 1609 1741 ds
1627 1700 1678 1739 cerr.

338 1753 1463 1865 1ι11.8ρ.133).·ΜαάριιιιΑιιωιιιιΜαακιυιιινσιριιηγινυπατοι
1481 1767 1565 1842 (cos.
1582 1766 1678 1836 2655)

336 1837 452 1914 riparrsv
474 1849 635 1921 (censoru.
650 1848 724 1924 657)
738 1841 832 1919 Δήλιοι
855 1841 902 1904 cdv
924 1845 1010 1904 ἑαιῶν
1025 1868 1160 1927 πατρωια
1173 1836 1286 1904 'Auito
1288 1869 1336 1903 ωνι
1350 1841 1504 1928 Αρτεμιδι
1517 1863 1578 1918 Aa·
1580 1852 1612 1916 οῖ,
1624 1868 1678 1907 eom·

337 1948 425 1986 mnne
448 1930 604 1989 Deliorum
627 1933 828 2009 adgnoscens,
859 1931 939 2007 quod
963 1931 1196 1988 Atheniensibus
1220 1929 1469 1992 dominantibus
1502 1934 1617 1993 nullum
1637 1934 1678 1989 luit

336 2011 443 2086 ltaque
466 2033 532 2072 curn
556 2016 661 2074 titulus
685 2025 753 2074 ante
773 2025 909 2090 coeptum
933 2015 1041 2073 bellurn
1064 2014 1299 2072 Mithridaticum
1329 2018 1438 2074 scribi
1469 2037 1536 2076 ιιοιι
1566 2018 1678 2093 potuerit

336 2107 446 2173 potest,
468 2108 501 2157 ut
522 2099 653 2176 pervidit
667 2099 849 2170 Homollius‚
872 2099 1025 2156 dedicatus
1046 2117 1113 2157 esse
1128 2097 1194 2174 ipso
1209 2117 1236 2154 a.
1249 2097 1321 2168 667,
1347 2118 1419 2174 quo
1437 2103 1603 2160 Antonius
1616 2101 1677 2178 periit

337 2180 512 2240 interiectus
536 2193 656 2259 propter
679 2184 778 2241 studia
800 2185 894 2260 partis
918 2181 1061 2241 Sullanae
1084 2201 1102 2238 a
1124 2181 1251 2238 factione
1272 2181 1437 2256 Mariana,
1464 2186 1536 2244 sive
1557 2186 1634 2244 Delii
1650 2183 1677 2240 illi

338 2281 404 2322 eum
428 2265 613 2326 honorarunt
635 2268 787 2325 etiamtum
812 2268 925 2339 vivum,
956 2267 1019 2324 sive
1043 2275 1257 2341 postmortem
1282 2274 1427 2325 statuam
1455 2278 1628 2344 posuerunt
1644 2287 1678 2343 pr·

337 2355 425 2406 trono
448 2350 490 2408 rei
513 2351 650 2426 publicae
672 2370 764 2410 causa
785 2361 908 2408 mortem
932 2350 1080 2407 crudelem
1108 2367 1250 2424 perpesso
1278 2348 1329 2422 (cf.
1360 2371 1393 2408 n.
1417 2352 1536 2428 1424).
1589 2353 1677 2412 Delia

337 2449 404 2490 cum
428 2433 465 2490 ab
482 2435 714 2492 Atheniensibus
737 2435 944 2504 descivissent,
967 2434 1072 2490 horum
1094 2433 1154 2490 dux
1172 2433 1332 2507 Apellicon
1358 2435 1549 2511 adgressus
1570 2448 1625 2506 est;
1643 2435 1678 2493 sei

339 2516 450 2574 devicit
471 2537 536 2575 eum
554 2517 688 2577 Orobius
712 2519 774 2577 sive
797 2537 857 2594 quo
880 2517 939 2575 alio
962 2517 1081 2617 nominc
1104 2517 1160 2574 fuit
1182 2515 1233 2590 (cl.
1250 2533 1347 2591 supra
1374 2539 1406 2576 ιι.
1422 2521 1519 2578 1410
1537 2521 1581 2578 M.
1598 2521 1677 2580 ortas

338 2599 382 2657 M.
397 2599 441 2675 s.)
464 2593 625 2682 στιαιηγδι
643 2595 784 2669 ίῬιιιιιιιιιιν
806 2591 968 2677 φυλάσσων
990 2594 1149 2670 ιῆνΔῆλον
1170 2599 1364 2673 (Athenaeus
1379 2602 1409 2658 V
1436 2623 1468 2679 p.
1490 2603 1583 2680 214).
1623 2604 1677 2661 lieu

337 2701 403 2741 cum
426 2659 535 2742 habeis
558 2704 741 2761 nequeamus
763 2703 817 2782 pro
840 2685 991 2759 praefecto
1015 2655 1159 2742 insulae
1151 2703 1215 2742 rure
1243 2684 1408 2741 ordinario
1439 2687 1670 2760 constitutor(
1668 2718 1679 2730 ·

338 2766 465 2826 deantur
487 2787 563 2844 quae
585 2772 740 2845 composui
763 2770 793 2826 in
808 2769 878 2826 hist.
896 2769 982 2826 Rom.
1002 2768 1036 2825 1⁷
1063 2787 1090 2842 p.
1104 2767 1164 2825 550
1186 2775 1216 2825 et
1237 2766 1275 2824 ad
1290 2767 1353 2824 vol.
1369 2770 1406 2826 X
1429 2791 1461 2827 n.
1479 2771 1594 2848 6785),
1614 2789 1678 2848 prae

337 2849 395 2908 tuit
417 2852 440 2909 ei
464 2861 514 2909 aut
537 2853 648 2911 electus
671 2874 690 2911 a
709 2853 824 2911 civibus
839 2852 986 2910 Romanis
1009 2853 1038 2908 in
1059 2851 1158 2908 insula
1173 2851 1343 2908 constitutis
1363 2865 1504 2930 urgente
1523 2857 1678 2914 necessitate

338 2945 390 2992 aut
415 2953 451 2992 eo
474 2936 583 2994 missus
606 2937 678 2995 belli
701 2955 795 2995 causa
817 2955 836 2992 a
859 2934 945 2996 Sulla
967 2936 1065 2994 aliove
1091 2953 1150 3008 quo
1177 2936 1356 3012 magistratu
1382 2937 1551 2998 Romano.
1601 2939 1676 3012 Quen

338 3029 441 3094 gratus
463 3028 561 3078 autem
586 3020 632 3077 vel
651 3021 773 3078 nuntius
791 3018 892 3080 Sullae
908 3018 1096 3077 adventantis
1112 3018 1224 3076 civibus
1239 3017 1392 3077 Romanis
1410 3020 1491 3080 Deli
1510 3024 1675 3082 morantibus

337 3103 471 3160 accidere
492 3103 635 3173 debuerit,
658 3104 747 3162 facile
769 3103 957 3180 intellegitur,
980 3121 1074 3178 eaque
1097 3103 1162 3159 sine
1183 3101 1272 3160 dubio
1294 3119 1396 3161 causa
1421 3105 1487 3164 suit
1508 3107 1600 3166 buius
1614 3105 1674 3163 dedi

338 3186 473 3244 cationis.
524 3187 620 3246 Facta
649 3195 747 3244 autem
776 3187 815 3245 sit
841 3205 965 3246 necesse
993 3199 1039 3244 est
1028 3195 1134 3244 tante
1160 3203 1250 3260 quam
1273 3185 1455 3248 Archelaus
1490 3192 1559 3250 dux
1581 3190 1675 3249 stiun-
1714 3231 1715 3264 3

338 3268 417 3327 datis
439 3289 505 3328 curn
528 3271 626 3329 classe
651 3271 758 3330 Delum
782 3272 893 3328 inuasit
919 3288 1045 3345 eamque
1072 3269 1240 3326 hominibus
1266 3269 1368 3328 caesis
1398 3273 1441 3330 ad
1473 3275 1587 3353 viginti
1613 3273 1673 3332 milit

336 3352 449 3411 Italicis
472 3354 625 3430 plerisque
652 3363 682 3413 et
703 3355 829 3414 vastatis
857 3355 995 3412 omnibus
1022 3355 1063 3411 ita
1090 3353 1264 3430 prostravit,
1295 3365 1327 3411 ut
1355 3373 1399 3412 ne
1427 3369 1510 3430 post
1539 3359 1671 3417 victorina

337 3436 457 3511 quidem
480 3447 647 3514 resurgeret
668 3438 884 3514 (Appianusl.
901 3457 940 3508 c.;
964 3437 1176 3504 Pausanias3,
1194 3437 1247 3507 233
1272 3435 1388 3496 Strabo
1407 3440 1461 3510 10
1481 3443 1514 3512 5,
1530 3444 1576 3517 4).
1611 3440 1669 3499 Asa

337 3537 517 3620 quamquam
540 3521 640 3580 clades
663 3541 682 3578 a
703 3523 808 3616 piratis
830 3520 1205 3620 irrlutaa.ti86(l'hlegon
1226 3519 1459 3580 felchinel:
1483 3517 1670 3604 Ἀθηνέδιιιιι

336 3625 381 3660 πει
399 3626 469 3673 arae
490 3598 592 3700 ἐξανδρ
596 3597 804 3664 «androdamas
818 3599 937 3672 Δηὶιίυς
959 3600 995 3660 τιὲ
1018 3605 1072 3660 τῶν
1087 3597 1256 3706 λεγομείων,
1259 3599 1338 3659 θεῶν
1341 3598 1461 3706 ξόαια
1478 3599 1667 3676 &suasam-2·

335 3691 419 3749 Γαιος
441 3675 472 3742 δι
492 3691 518 3743 Τ
518 3680 618 3784 ptdpree
643 3683 680 3744 sci
707 3679 895 3759 λελωβημεια
920 3689 954 3757 rr]
980 3678 1091 3748 ndreae
1118 3676 1312 3748 ἐπισκευάσας
1338 3681 1477 3766 ἐτείχισε
1507 3714 1560 3762 σιν
1581 3689 1667 3760 aaa)

337 3783 473 3847 coeptum
496 3772 620 3830 exitium
643 3772 870 3842 consummavit,
893 3791 946 3830 nec
969 3771 1104 3830 desunt
1097 3791 1126 3828 ιιι
1148 3769 1249 3829 insula
1271 3781 1475 3833 monumenta
1500 3735 1665 3834 Mithridatis

337 3855 511 3914 obsessione
533 3857 714 3930 posteriora,
743 3867 840 3914 tamen
864 3866 934 3930 post
956 3857 1032 3914 hanc
1054 3873 1214 3929 numquam
1238 3874 1274 3912 ne
1297 3855 1472 3930 Adspiravit
1498 3855 1663 3935 quidemst

335 3948 485 3999 vetustum
508 3939 705 4016 splendorem.
742 3941 848 4015 ltaque
872 3959 930 3997 non
954 3940 1060 3997 mirum
1076 3949 1122 3997 est
1137 3938 1206 3995 Deli
1223 3957 1259 3996 ea
1275 3939 1473 4013 potissimum
1492 3951 1662 4001 monuments

337 4021 497 4094 eruderari,
521 4042 598 4099 quae
620 4024 676 4082 sub
698 4023 798 4098 ipsum
820 4024 928 4082 excidii
952 4033 1069 4098 tempus
1092 4021 1224 4099 perfecta
1245 4032 1389 4098 coeptare
1412 4035 1535 4084 essent.
1553 4059 1590 4068 -
1610 4025 1661 4082 Duo

336 4117 435 4166 autem
462 4107 539 4164 tituli
566 4107 614 4165 hic
640 4116 670 4166 et
696 4108 722 4165 is
750 4107 801 4182 qui
828 4108 962 4184 sequitur
988 4107 1121 4184 collegae
1151 4103 1252 4164 Sullae
1279 4104 1317 4178 Q.
1341 4107 1488 4185 Pompeii
1519 4110 1587 4169 Rufi
1611 4109 1660 4165 sins

336 4191 426 4250 dubio
449 4190 618 4249 honorariis
641 4189 816 4250 accensendi
839 4201 906 4249 stunt
928 4209 1106 4266 quamquam
1128 4190 1282 4264 perscripti
1305 4208 1379 4248 casu
1398 4193 1521 4266 primo;
1545 4213 1607 4252 uam
1620 4190 1659 4248 ali
1724 4184 1725 4227 1

335 4274 414 4350 qnod
437 4292 513 4350 opus
536 4295 553 4333 a
576 4271 662 4334 Sulla
684 4275 864 4350 proconsule
888 4283 916 4332 et
938 4274 1017 4332 Ruso
1038 4273 1159 4332 consule
1181 4272 1251 4330 Deli
1276 4272 1387 4331 factum
1416 4294 1490 4336 esse
1518 4289 1549 4336 et
1574 4292 1659 4352 perse

335 4358 540 4416 difficultatem
564 4359 667 4430 habet,
699 4377 764 4416 cunr
795 4358 970 4416 vocabulum
998 4357 1125 4416 faciendi
1153 4356 1199 4415 rel
1225 4356 1383 4416 dedicandi
1413 4379 1486 4418 raro
1516 4361 1657 4423 omittatur,

336 4449 366 4500 et
387 4461 418 4499 re
439 4441 519 4516 qnod
543 4441 579 4498 ad
602 4441 686 4499 illum
709 4442 815 4500 attinet
840 4461 945 4518 parurn
973 4441 1115 4500 credibile
1143 4449 1201 4512 est,
1232 4441 1262 4498 iu
1289 4440 1346 4500 hoc
1374 4451 1479 4501 autem
1510 4463 1601 4519 paene
1625 4442 1658 4497 in·

335 4534 444 4602 eptnm.
489 4522 585 4597 Quam
613 4527 651 4583 ob
679 4545 741 4584 rem
769 4525 945 4584 crediderim
972 4525 1003 4584 in
1030 4533 1221 4583 monumento
1251 4522 1380 4599 plurium
1411 4535 1583 4587 statuarum
1603 4523 1657 4584 Deli

334 4608 470 4668 dedicato
493 4617 523 4665 et
544 4609 757 4667 dedicationem
780 4610 976 4686 perscriptam
1001 4627 1069 4668 esse
1092 4619 1122 4666 et
1143 4607 1270 4685 singulis
1288 4609 1398 4667 statuis
1415 4611 1541 4689 singula
1556 4610 1658 4671 nomia

313 4725 315 4730 v
335 4691 496 4767 adscripta,
518 4693 629 4768 pariter
651 4701 740 4768 atquc
762 4693 872 4768 facturn
894 4701 939 4752 est
961 4694 992 4751 iu
1014 4693 1127 4751 fornice
1145 4691 1280 4749 Fabiano
1303 4691 1352 4765 (C.
1365 4691 1392 4750 I.
1406 4692 1442 4752 L.
1464 4695 1480 4752 I
1506 4716 1536 4773 p.
1553 4695 1657 4768 17196

333 4777 364 4836 in
385 4785 575 4834 monumento
602 4795 675 4835 aero
698 4777 836 4854 Augusto
859 4776 1020 4853 Olympiae
1047 4776 1184 4834 dedicato
1211 4775 1240 4832 in
1269 4778 1447 4835 memoriam
1478 4778 1518 4836 L.
1543 4775 1655 4838 Mummii

333 4869 364 4919 et
385 4860 486 4918 decem
509 4861 675 4937 legatorum
702 4860 880 4936 (archci'olep.
901 4861 1021 4935 Zeituup
1047 4859 1125 4918 1878
1150 4879 1177 4936 p.
1194 4857 1260 4932 86),
1288 4859 1370 4934 quod
1394 4871 1466 4937 apte
1490 4859 1657 4940 compararit

333 4945 526 5004 Reinachius.
563 4943 641 5002 Nam
665 4945 695 5001 in
718 4944 862 5002 eiusmodi
886 4944 992 5021 elogiis
1012 4944 1126 5020 primus
1142 4959 1227 5000 casus
1242 4941 1400 5004 sollemnis
1416 4955 1466 5004 est
1481 4966 1501 5006 a
1516 4945 1655 5006 dedicatio

334 5028 422 5086 nibus
443 5027 606 5088 abhorrens
629 5027 663 5104 (l.
681 5045 705 5086 c.
729 5047 757 5104 p.
771 5026 857 5104 277).
