3510 5828
85 529 116 579 ιε
655 529 858 581 aaare'rvs.
1396 517 1416 586 9

84 711 145 770 est,
173 701 254 778 quod
276 701 400 760 duarum
424 701 574 778 legionum
597 701 706 762 milites
734 711 940 775 recensentem
969 723 1037 762 nam
1065 705 1238 766 aTraiano
1265 709 1334 768 inde
1362 729 1420 769 una

84 805 162 876 sola,
184 803 301 863 scilicet
315 803 346 862 II
361 803 502 876 Traiana,
525 805 695 882 Aegyptum
717 806 918 883 praesedit1).
955 808 1035 864 Ante
1057 825 1123 866 eum
1146 816 1225 868 certe
1246 829 1265 868 a
1281 813 1419 889 tempori-

84 909 142 967 bus
165 906 281 966 Tiberii
304 905 393 982 (teste
416 906 522 965 TacIto
545 926 613 964 ann.
630 908 659 980 4,
677 906 709 982 5)
733 907 808 966 duae
830 908 964 986 legiones
987 911 1157 987 Aegyptum
1179 921 1348 986 tenuerunt,
1371 914 1419 972 III

85 1009 257 1087 Cyrenaica
283 1019 314 1067 et
334 1008 429 1067 XXII
452 1007 660 1082 Deiotariana,
692 1010 779 1086 elque
805 1011 984 1070 ordinationi
1010 1012 1114 1070 titulus
1137 1011 1318 1089 Coptitanus
1346 1018 1417 1075 salle

84 1111 259 1190 respondet.
297 1108 356 1171 Sed
379 1111 467 1169 etiam
489 1111 597 1170 melius
620 1111 646 1170 ei
669 1112 819 1188 aptabitur
842 1133 918 1190 quae
940 1115 994 1174 sub
1014 1115 1152 1194 Augusto
1172 1117 1308 1190 obtinuit,
1331 1119 1419 1178 nobis

84 1215 264 1274 adumbrata
286 1214 324 1272 ab
346 1231 404 1271 uuo
427 1211 574 1273 Strabone
599 1213 646 1286 17,
664 1216 691 1285 l,
709 1213 745 1273 12
768 1235 798 1292 p.
815 1215 891 1274 797:
921 1206 980 1274 ’ἕττι
1003 1205 1033 1276 di
1060 1208 1107 1275 uni
1135 1222 1333 1302 στρατιωτικοῦ
1358 1211 1420 1304 apia

83 1309 239 1395 τάγματα,
266 1303 302 1374 ὧν
324 1311 355 1373 rd
379 1303 504 1372 innasci
526 1310 577 1386 τήν
598 1305 681 1373 ιτᾶλιν
705 1309 828 1398 ἵδρυται,
854 1305 950 1376 τᾶλλα
977 1314 1002 1376 δ’
1024 1317 1051 1376 ἓν
1077 1321 1113 1398 τῇ
1138 1310 1239 1404 χώρᾳ·
1268 1311 1360 1404 χωρὶς
1388 1309 1419 1378 δὲ

82 1410 190 1478 τούτων
213 1408 291 1476 duvia
312 1409 360 1488 μέν
381 1416 433 1475 εἷσε
455 1419 565 1500 στεῖραι
590 1415 747 1488 Ῥωμαίων,
773 1421 844 1502 τριῒς
866 1407 914 1488 μὲν
936 1418 963 1476 ἒν
985 1422 1020 1498 τῇ
1043 1412 1134 1490 πέλει,
1156 1423 1226 1505 τρεῖς
1249 1417 1277 1480 δ’
1299 1414 1343 1479 ini
1364 1425 1420 1481 rain

82 1515 153 1604 iprae
174 1523 226 1592 τῆς
240 1513 399 1580 Αἰθιοπίας
419 1519 446 1576 ἐν
462 1511 557 1597 Συήνῃ
580 1513 689 1604 φρουρὰ
711 1525 768 1584 τοῖς
789 1511 885 1582 τᾶτοις
906 1521 955 1596 (cI.
977 1523 1123 1595 17,1,48
1145 1545 1173 1602 p.
1188 1525 1273 1601 817),
1296 1527 1366 1608 τρεῖς
1389 1513 1419 1582 δὲ

82 1618 161 1681 amai
182 1617 234 1694 rein
256 1611 346 1694 dionys
368 1614 490 1704 χώραν·
517 1611 569 1679 siai
592 1611 622 1679 di
644 1613 692 1680 nai
713 1615 871 1704 ἱππαρχίαι
893 1627 964 1706 τρεῖς
985 1620 1084 1690 ὁμοίως
1107 1619 1323 1702 διατεταγμέναι
1344 1621 1420 1684 κατᾶ

82 1723 150 1786 τούς
164 1715 336 1802 ι’πικαιρῖιυς
350 1717 464 1786 vincae.
498 1725 592 1782 Addit
606 1725 666 1784 allo
682 1725 749 1784 loco
768 1727 814 1799 17,
833 1729 860 1798 l,
876 1726 915 1784 30
931 1747 959 1804 p.
974 1728 1033 1787 807
1052 1749 1140 1788 unam
1156 1730 1304 1808 legionem
1319 1737 1420 1788 castra

83 1829 227 1888 babuisse
250 1827 407 1903 Babylone
429 1839 522 1904 prope
538 1827 700 1904 Memphin.
736 1829 819 1886 Inter
841 1839 901 1887 tres
923 1831 1056 1906 legiones
1079 1849 1130 1892 eas
1153 1831 1247 1890 luisse
1262 1831 1311 1888 III
1328 1830 1420 1908 Cyre·

85 1932 201 1990 naicam
225 1939 256 1988 et
270 1929 368 1988 XXII
384 1929 608 1988 Deiotarianam
631 1937 663 1988 ut
685 1931 757 1990 salle
779 1940 891 1990 certum
913 1939 969 2004 est,
992 1933 1033 1992 ita
1055 1935 1143 1992 tertia
1164 1953 1311 2010 quaenam
1331 1933 1421 1992 fuerit

85 2036 250 2112 ignoratur.
295 2033 404 2090 Aetate
425 2029 592 2103 Strabonis,
616 2033 667 2109 qui
690 2051 717 2090 a.
735 2054 760 2092 u.
777 2053 802 2092 c.
816 2033 876 2092 730
900 2036 1070 2114 Aegyptum
1093 2036 1165 2094 adiit
1188 2046 1217 2094 et
1239 2036 1359 2094 omnino
1381 2037 1419 2094 ad

83 2137 113 2196 id
135 2145 256 2214 tempus
279 2135 408 2194 maxime
430 2135 478 2193 bic
500 2135 642 2212 respexit,
664 2153 730 2193 cum
753 2154 812 2194 una
827 2136 905 2214 legio
921 2137 1119 2214 cohortesque
1135 2146 1195 2198 tres
1212 2139 1420 2197 Alexandreae

84 2251 183 2300 eastra
205 2239 360 2308 baberent,
382 2245 468 2296 extra
483 2237 703 2296 Alexandream
726 2237 802 2297 duae
819 2238 952 2316 legiones
969 2241 1123 2300 tenderent
1144 2251 1173 2300 et
1195 2242 1334 2300 cohortes
1356 2260 1420 2312 sex,

84 2344 216 2419 itemque
238 2351 273 2400 ut
293 2341 411 2398 videtur
431 2340 497 2398 alae
520 2349 593 2412 tres,
621 2357 800 2416 quamquam
823 2342 881 2400 vile
904 2343 1034 2420 Aegypti
1062 2343 1227 2419 superiorIs
1253 2344 1420 2402 muniendis

84 2447 132 2521 (eo
155 2445 237 2504 enim
261 2443 382 2502 titulum
403 2443 553 2520 pertinere
575 2443 653 2502 iufra
674 2443 938 2520 demonstrabitur)
966 2445 1054 2504 etiam
1078 2443 1186 2505 milites
1209 2445 1420 2505 Alexandreae

84 2548 286 2606 consistentes
313 2553 392 2604 recte
419 2545 553 2604 adhiberi
580 2553 755 2621 potuerunt,
788 2547 884 2623 magis
912 2555 980 2623 apte
1012 2547 1043 2604 id
1076 2565 1152 2622 opus
1184 2549 1422 2608 committebatur

83 2651 254 2730 legionibus
279 2648 396 2708 duabus
419 2665 578 2723 earumque
601 2648 720 2708 auxiliis
736 2657 822 2706 extra
838 2650 937 2707 urbem
952 2648 1152 2708 tendentibus.
1189 2649 1226 2708 Id
1241 2657 1273 2708 ut
1288 2652 1421 2730 Augusti

83 2761 183 2813 aetate
213 2751 356 2823 obtinuit,
390 2751 432 2809 ita
457 2751 626 2810 necessario
653 2757 799 2810 mutatum
827 2760 874 2810 est
901 2769 961 2809 una
987 2770 1026 2810 ex
1052 2751 1147 2810 tribus
1180 2751 1348 2828 legionibus
1381 2773 1421 2812 ex

84 2858 226 2934 Aegypto
248 2852 387 2913 abducta.
424 2849 483 2914 Sed
505 2854 601 2930 magis
624 2852 797 2914 crediderim
820 2854 977 2912 imminuto
992 2854 1325 2932 exercituAegyptiaco
1341 2856 1420 2932 quod

85 2958 254 3036 posteriore
282 2965 416 3033 tempore
445 2955 573 3013 obtinuit
605 2964 637 3014 ut
667 2965 768 3015 castra
800 2955 967 3034 legionaria
993 2958 1152 3035 Aegyptus
1186 2957 1268 3016 nulla
1299 2958 1422 3017 haberet

85 3071 205 3140 praeter
230 3057 453 3128 Alexandrina,
479 3057 509 3115 id
538 3077 573 3116 eo
600 3067 732 3134 tempore
758 3059 909 3134 coepisse,
937 3059 1084 3118 translato
1110 3059 1334 3118 Alexandream
1361 3079 1421 3119 non

85 3165 175 3224 nnius
198 3161 325 3240 legionis
346 3160 499 3237 praetorio
522 3161 597 3230 solo,
621 3161 672 3219 sed
695 3159 831 3219 duarum.
869 3160 904 3219 In
927 3161 1013 3220 titulo
1030 3161 1216 3240 Pergameno
1233 3159 1267 3220 (l.
1284 3162 1344 3234 ΙΙΙ,
1360 3162 1419 3222 399

86 3277 155 3324 ante
181 3262 344 3326 Claudium
371 3263 481 3338 scripto
510 3262 555 3320 vel
581 3263 636 3320 sub
665 3260 793 3322 Claudio
820 3261 903 3338 (uam
930 3263 1078 3341 legionem
1106 3265 1170 3324 IIII
1198 3264 1421 3324 Macedonicam

86 3369 215 3428 collocat
248 3368 279 3425 in
306 3365 468 3442 Hispania)
501 3364 581 3441 quod
615 3365 749 3424 tribunus
783 3365 910 3424 rnilitum
943 3375 1126 3426 memoratur
1151 3367 1351 3426 Alexandreae
1383 3369 1423 3426 ad

86 3471 249 3548 Aegyptam
277 3469 393 3544 lepionn'a
414 3466 517 3524 XXII
539 3486 605 3525 ann.
628 3467 721 3538 VIII,
753 3476 856 3544 potest
880 3467 983 3527 referri
1017 3469 1106 3528 etiam
1141 3469 1179 3528 ad
1205 3469 1420 3528 ordinationem

85 3582 252 3633 castrorum
275 3571 530 3647 Aegyptiacorum
553 3589 618 3627 eam
645 3587 732 3645 quam
757 3567 866 3629 Strabo
894 3580 1028 3644 enarrat,
1060 3581 1091 3631 at
1117 3573 1172 3631 sub
1194 3571 1315 3631 Nerone
1343 3580 1422 3630 certe

87 3683 212 3752 utraque
228 3674 307 3750 legio
319 3671 530 3732 Alexandreae
545 3672 729 3730 consistebat
745 3671 904 3747 (Iosephus
921 3673 988 3732 bell.
1007 3671 1035 3744 2,
1053 3673 1100 3747 18,
1117 3673 1150 3749 8)
1166 3673 1367 3751 habemusque
1383 3694 1422 3732 ex

87 3779 193 3837 castris
210 3773 426 3835 Alexandrinis
449 3774 550 3833 titulos
573 3783 634 3833 tam
650 3773 746 3832 XXII
762 3773 973 3834 Deiotarianae
995 3794 1086 3851 quam
1102 3776 1150 3834 III
1165 3773 1358 3852 Cyrenaicae.
1382 3810 1420 3818 -

89 3881 238 3959 Legiones
268 3879 343 3936 duae
371 3885 401 3936 et
427 3877 493 3935 alae
520 3887 596 3950 tres,
630 3895 707 3953 quae
734 3877 807 3935 haec
834 3895 926 3954 opera
951 3878 1100 3951 fecerunt,
1133 3896 1277 3954 quaenam
1304 3879 1422 3950 luerint,

91 3981 225 4041 laterculi
248 3981 394 4056 reliquiae
416 3999 475 4038 uon
498 3979 667 4049 enuntiant;
696 3999 733 4038 ex
755 3979 922 4038 cohortibus
945 3989 1057 4056 septem
1084 3999 1159 4056 quae
1188 3999 1261 4052 una,
1289 3991 1320 4039 ut
1347 3981 1421 4052 dixi,

93 4094 227 4162 superest
253 4083 269 4140 I
296 4082 518 4154 Thebaeorum,
545 4081 602 4139 suit
627 4082 704 4140 inter
730 4081 883 4140 tendentes
910 4081 949 4140 ad
977 4081 1094 4160 Syenen
1122 4081 1256 4157 (v.c.1.
1274 4080 1312 4142 G.
1330 4082 1421 4142 5052.

94 4187 181 4246 5053.
201 4185 309 4262 5054).

131 4289 178 4348 Ita
204 4307 265 4364 qno
291 4287 425 4346 ducimur
451 4285 567 4346 titulum
596 4287 739 4364 scriptum
767 4304 834 4346 esse
862 4289 999 4366 Augusto
1027 4287 1175 4364 principe,
1209 4288 1240 4346 id
1267 4289 1424 4346 confirmat

94 4392 240 4450 nominum
263 4389 342 4449 ratio
364 4399 423 4448 tam
445 4390 475 4448 in
498 4389 725 4466 cognominibus
749 4409 836 4466 quam
859 4391 888 4446 in
904 4390 1072 4466 gentiliciis.
1111 4389 1231 4450 Scilicet
1247 4391 1423 4468 cognomine

94 4513 268 4570 quamquam
292 4503 416 4552 utuntur
436 4493 624 4551 centuriones
646 4499 707 4550 tres
730 4493 780 4568 qui
804 4501 963 4568 supersunt
984 4493 1014 4549 in
1037 4511 1162 4551 recensu
1185 4493 1304 4551 tabulae
1325 4502 1423 4569 poste-

95 4599 177 4654 rioris
194 4595 222 4668 2,
239 4597 268 4655 3.
285 4597 313 4654 4.
331 4597 360 4668 5,
383 4596 453 4652 item
475 4613 512 4654 ex
536 4595 656 4653 tabulae
679 4594 787 4670 prioris
810 4595 950 4652 centuriis
974 4611 1028 4652 sex
1050 4605 1079 4652 et
1101 4596 1221 4672 triginta
1235 4597 1422 4654 centuriones

97 4709 168 4758 certe
190 4699 334 4758 tredecim
364 4697 530 4773 (sciliceta
553 4697 729 4774 cognomine
751 4696 866 4755 adiecto
889 4697 1039 4774 gentilicio
1062 4705 1270 4776 nuncupantur
1296 4698 1370 4756 dnae
1396 4701 1423 4772 l,

148 4952 170 5014 ¹)
190 4951 268 5014 Quod
288 4951 381 5002 scribit
398 4949 578 5015 Desjardinius
597 4968 622 5016 p.
638 4951 706 5002 223:
735 4949 762 5000 la
781 4946 886 4999 xxiia
910 4949 1080 5000 Deiotariana
1093 4952 1248 5018 primigenia
1268 4953 1318 5018 pia
1337 4951 1425 5019 fidelis

93 5041 130 5106 jn
145 5042 283 5114 supprimis
304 5059 365 5093 rous
377 5040 454 5094 Marc
467 5041 567 5106 Aarile,
588 5045 742 5094 eontrarium
763 5051 801 5093 est
820 5044 937 5108 opiquui
956 5043 1034 5094 bodie
1054 5051 1171 5110 receptae
1189 5051 1215 5092 et
1228 5045 1334 5094 omuino
1350 5059 1424 5094 verae

100 5135 170 5190 xxu
188 5137 382 5191 Deiotariauae
401 5136 448 5185 sub
468 5137 582 5187 Traiano
601 5143 782 5187 exauctoratae
802 5136 962 5186 substitutam
982 5151 1037 5186 esse
1063 5137 1090 5186 11
1110 5137 1259 5187 Traiauam.
1302 5137 1424 5201 Disputa-

102 5227 205 5283 litarde
226 5248 256 5283 re
277 5245 337 5281 cum
359 5236 509 5293 argumenta
528 5229 628 5294 prolata
647 5235 734 5292 erunt;
760 5243 830 5278 mera
849 5229 1010 5278 adseueratio
1030 5228 1209 5280 refutationem
1234 5244 1286 5279 non
1308 5229 1423 5294 requirit.
