3518 5828
458 503 761 557 onsasvsmonas
781 505 1069 558 arrcsnraross.
1356 486 1427 556 149

94 679 170 750 sint,
197 684 335 736 suctores
357 695 417 737 non
439 679 639 752 tradiderunt,
668 685 701 737 ut
721 677 869 756 quidquid
890 677 927 738 de
951 697 987 737 ea
1007 697 1040 736 re
1062 679 1152 738 statui
1178 677 1289 754 possit,
1316 685 1368 737 aut
1389 695 1428 736 ex

91 779 225 838 universi
247 779 377 838 instituti
399 780 573 840 condicione
596 789 626 839 et
647 781 830 858 proprietate
853 780 1055 860 colligendum
1079 779 1119 840 sit
1140 789 1192 838 aut
1214 799 1252 838 ex
1275 788 1427 838 auctorum

91 882 168 940 locis
188 880 299 956 paucis
327 881 481 958 titulisque
507 883 578 941 item
606 900 665 940 nou
691 882 812 953 multis,
844 883 896 958 qui
923 882 954 940 in
981 881 1108 960 singulis
1136 883 1267 940 evocatis
1296 881 1427 940 osticium

91 984 250 1043 enuntiant
272 983 317 1040 vel
343 983 485 1042 indicant.
529 982 604 1043 (ium
632 991 749 1042 constet
775 1001 991 1062 saepenumero
1016 991 1156 1042 evocatos
1184 991 1338 1058 promotos
1360 1001 1427 1042 esse

94 1085 132 1144 ad
165 1084 442 1161 centurionatusl),
481 1085 580 1144 adhuc
608 1085 785 1144 credidimus
813 1085 886 1145 illud
915 1097 1023 1162 corpus
1051 1093 1205 1160 tamquam
1234 1084 1427 1144 seminarium

91 1188 188 1246 fuisse
203 1187 424 1258 centurionum3
447 1188 500 1246 sed
524 1187 598 1246 baec
619 1196 652 1246 ut
673 1187 733 1246 alia
755 1187 905 1247 tralaticia
919 1187 1016 1246 multa
1032 1185 1068 1245 de
1090 1206 1122 1246 re
1137 1185 1259 1246 militari
1275 1185 1426 1246 Romano·

92 1307 158 1347 rum
175 1307 244 1346 rere
259 1287 452 1348 fundamento
467 1297 579 1360 carent,
601 1289 762 1365 possisque
783 1289 848 1366 pari
870 1289 934 1348 iure
949 1288 1128 1348 contendere
1144 1289 1281 1347 tribunos
1300 1288 1426 1347 militum

92 1389 249 1448 institutos
272 1407 341 1450 esse
362 1403 485 1468 propter
504 1391 736 1468 procurationes.
771 1390 867 1450 Immo
883 1390 984 1450 obstat
1005 1409 1065 1450 non
1079 1388 1186 1460 solum,
1208 1389 1286 1466 quod
1307 1399 1426 1468 praeter

92 1499 233 1549 evocatos
256 1491 345 1550 etiam
368 1511 406 1551 ex
428 1493 645 1570 principalibus
661 1493 798 1570 optiones
821 1504 851 1550 et
868 1493 964 1570 magis
979 1493 1069 1551 etiam
1084 1491 1273 1551 cornicularii
1295 1491 1427 1568 legitime

92 1594 130 1652 ad
153 1593 391 1654 centurionatum
415 1593 678 1671 promoventurll,
701 1595 753 1654 sed
776 1595 869 1653 multo
891 1595 996 1673 magis,
1018 1593 1100 1670 quod
1115 1593 1158 1652 ita
1172 1593 1254 1652 nulla
1268 1611 1361 1652 causa
1375 1613 1426 1670 ap-

90 1709 187 1778 paret,
209 1719 261 1758 cur
281 1697 389 1757 urbani
411 1697 522 1755 milites
545 1696 603 1756 soli
627 1696 663 1754 ad
686 1697 889 1756 evocationem
912 1695 1114 1755 admittantur.
1147 1693 1226 1755 Nam
1245 1713 1425 1772 quamquam

91 1803 281 1862 centuriones
304 1807 384 1858 certe
405 1797 564 1874 legionarii
586 1798 715 1856 maxime
736 1798 855 1858 labente
877 1805 973 1856 aetate
996 1814 1105 1873 magna
1126 1817 1165 1856 ex
1186 1801 1270 1874 parte
1293 1815 1331 1855 ex
1348 1797 1425 1856 mili-

91 1906 133 1962 tia
155 1905 269 1962 urbana
289 1907 504 1980 provenerunt,
533 1900 584 1976 qni
606 1901 636 1958 iu
662 1900 780 1977 legione
806 1901 836 1958 iu
863 1899 968 1959 ordine
996 1899 1148 1958 merebant
1175 1917 1193 1956 a
1219 1899 1426 1958 centurionatu

91 2006 177 2065 nullo
205 2016 339 2080 tempore
372 1997 600 2076 arcebantur³)‚
633 2020 687 2059 nec
716 2001 803 2060 facile
832 2021 929 2062 rerum
957 2001 1070 2078 peritus
1097 2000 1233 2059 admittet
1255 2002 1424 2077 Augustum

90 2107 283 2168 seminarium
310 2104 517 2164 centurionum
544 2103 776 2180 legionariorum
803 2103 846 2162 ita
872 2103 1055 2176 condidisse,
1083 2109 1114 2160 ιιι
1143 2103 1274 2161 urbanae
1302 2102 1425 2161 militiae

90 2209 146 2270 soli
169 2217 294 2287 pateret.
340 2204 438 2279 Quam
461 2206 583 2264 obrem
606 2206 662 2265 etsi
684 2213 874 2264 evocatorum
898 2221 1007 2282 corpus
1029 2203 1138 2263 multos
1161 2203 1257 2275 dedit,
1284 2204 1334 2278 qui
1357 2222 1424 2262 cen·

89 2312 269 2370 turionatum
292 2309 324 2366 in
346 2308 462 2385 legione
484 2315 633 2384 caperent,
656 2307 753 2383 ipsum
777 2307 841 2366 sine
858 2305 1008 2366 dubio'ob
1024 2307 1101 2364 alias
1121 2322 1230 2364 causas
1252 2304 1422 2364 institutum

88 2425 142 2472 εει.
174 2412 240 2470 Eae
262 2417 296 2468 ut
317 2409 539 2488 intellegantur,
562 2408 732 2486 colligenda
753 2419 823 2468 sunt
843 2428 919 2485 quae
942 2409 978 2467 de
1001 2408 1128 2486 singulis
1151 2414 1341 2466 evocatorum
1359 2408 1422 2466 offi-

86 2517 141 2573 ciis
164 2521 326 2591 supersunt
347 2513 532 2584 testimonia,
555 2511 774 2587 videndumque
795 2529 865 2570 num
887 2511 956 2568 inde
978 2509 1090 2586 aliquid
1112 2509 1260 2568 efficiatur
1282 2508 1359 2584 qnod
1383 2508 1422 2566 ad

87 2617 185 2694 ipsum
210 2631 320 2691 corpus
342 2612 546 2689 perveniat4).
608 2661 609 2664 ,

187 2735 220 2811 l)
242 2735 389 2793 Evocatus
411 2733 537 2808 Augusti
562 2734 598 2791 ab
625 2735 698 2793 cetis
718 2735 785 2808 sori
810 2742 945 2808 repertus
967 2739 1014 2790 est
1039 2731 1069 2789 in
1092 2729 1186 2790 titulis
1209 2731 1421 2791 Auximatibus

242 2837 359 2894 duobus
382 2833 708 2906 0.1x,t›839.5840‚
730 2845 858 2893 euocatus
880 2837 910 2892 in
925 2836 997 2910 soro
1018 2833 1054 2892 ab
1077 2836 1148 2892 actis
1171 2832 1201 2890 in
1217 2833 1359 2892 Atellano
1381 2833 1421 2905 X,

243 2938 334 2996 3733.

181 3041 217 3117 2)
240 3041 394 3110 Evocatus
414 3058 434 3096 a
460 3039 693 3116 commmt(uriis)
723 3021 943 3114 cast<odiorum)
978 3022 1126 3096 invenitur
1142 3023 1185 3095 ,in
1212 3036 1298 3096 titulo
1329 3055 1422 3115 supra

240 3161 270 3218 p.
290 3141 346 3200 148
370 3161 398 3198 ιι.
416 3141 434 3199 2
456 3140 550 3198 relato
571 3142 692 3200 invento
708 3140 884 3219 Ravennam
907 3137 1033 3197 conferri
1055 3120 1154 3216 potest
1172 3136 1206 3197 Ο.
1223 3137 1279 3197 Th.
1297 3138 1326 3210 9,
1343 3139 1371 3210 3,
1387 3141 1420 3199 5:

241 3245 283 3302 ad
299 3245 570 3301 commentariensem
588 3252 762 3318 receptarum
777 3259 968 3317 personarum
983 3225 1114 3300 custodia
1129 3241 1342 3318 observatioque
1353 3261 1420 3318 per-

240 3349 330 3403 tinent
355 3363 420 3402 eum
448 3341 641 3402 adnotatione
668 3341 857 3402 Gothoiredi.
881 3373 919 3386 -
943 3343 1060 3402 Vononi
1087 3361 1211 3420 reguum
1237 3343 1419 3402 Parthorum

238 3447 399 3504 adfectanti
421 3455 451 3503 et
472 3463 541 3523 rege
563 3463 665 3504 eorum
680 3445 833 3502 Artabano
856 3453 974 3520 petente
996 3445 1236 3522 Pompeiopolim
1258 3446 1289 3503 iu
1310 3444 1420 3505 Cilicia

239 3549 371 3626 relegato
394 3547 549 3606 custodiae
564 3565 656 3606 causa
670 3547 836 3605 Remmium
853 3557 1008 3606 evocatum
1024 3547 1194 3623 appositum
1210 3565 1275 3607 esse
1290 3546 1418 3607 Tacitus

239 3657 345 3708 narrat
366 3648 448 3724 (ann.
465 3649 493 3720 2,
518 3647 556 3707 68
578 3649 615 3707 cl.
633 3648 696 3724 61).

181 3750 217 3828 3)
240 3751 387 3811 Ευοεαιιιε
402 3750 530 3827 Augusti
550 3769 568 3808 a
590 3751 801 3827 quaestionibus
819 3752 1029 3828 praesectomm
1046 3754 1194 3826 praetorio
1217 3759 1264 3810 est
1285 3751 1316 3808 in
1332 3751 1418 3810 titulo

85 3936 292 3946 --.———-

140 4065 165 4127 1)
186 4065 308 4118 Schmidt
324 4081 349 4131 p.
361 4066 431 4128 ³453
452 4065 485 4116 ci.
505 4065 589 4116 Cauer
608 4066 636 4116 in
654 4065 703 4116 hae
725 4066 792 4131 pr.
806 4063 845 4118 IV
864 4081 889 4130 p.
903 4067 966 4116 480.
1010 4064 1063 4116 Dio
1084 4064 1128 4126 ts,
1149 4065 1165 4115 b
1185 4065 1252 4115 inter
1271 4065 1418 4116 coniuratos

80 4159 107 4209 in
127 4157 281 4209 Caracallae
300 4158 406 4208 medem
424 4158 542 4208 nominat
558 4157 654 4208 Iulium
669 4157 817 4208 Martialem
836 4151 860 4206 lv
879 4173 905 4205 τι
924 4159 977 4215 τοῖς
996 4145 1148 4220 &enutrirem
1167 4144 1360 4224 repuerae'pmev
1378 4153 1418 4206 ael

80 4237 153 4317 epple
175 4243 269 4298 elesius
287 4248 321 4312 τῷ
338 4245 473 4312 'Ameriae
493 4243 596 4320 ἔχοντα,
620 4235 657 4298 ἔτι
674 4243 871 4320 ἑκατονταρχίαν
889 4238 1019 4312 αἰτήσαντι
1039 4242 1081 4298 ουίι
1101 4237 1222 4298 idedeina.

139 4339 164 4402 ²)
185 4341 345 4394 Ueneria.
366 4359 390 4408 p.
404 4343 466 4392 471.
481 4341 543 4391 475.
573 4341 698 4407 Optioues
717 4349 802 4392 tamen
822 4357 884 4393 num
907 4341 1065 4393 sollemniter
1086 4344 1122 4392 ita
1136 4343 1344 4406 promoveantur,
1364 4357 1417 4392 non

81 4435 136 4484 sinc
155 4447 236 4484 musa
254 4435 281 4483 ln
301 4433 487 4486 dubitationem
508 4435 617 4483 vocarit
649 4433 700 4496 Qui
719 4434 752 4484 ad
772 4436 976 4484 centurionatum
995 4449 1028 4484 ex
1045 4435 1102 4484 loco
1120 4433 1241 4484 interiore
1254 4435 1415 4500 perveniunt,

81 4534 109 4575 at
126 4525 246 4591 signiferi
265 4532 291 4575 ct
310 4523 477 4587 beneficiarii,
498 4540 542 4576 eos
561 4526 627 4576 saltu
647 4533 780 4591 promotos
800 4541 855 4576 esse
875 4521 1013 4576 verisimile
1033 4533 1079 4576 est.

136 4615 161 4678 Ι)
181 4617 342 4682 Magnopere
362 4617 560 4668 desiderandum
579 4625 630 4680 εει,
661 4625 689 4667 ut
708 4618 861 4682 colligantur
880 4619 1035 4668 documenta
1053 4619 1085 4668 de
1104 4619 1300 4669 condicionibus
1329 4625 1415 4670 centu-

79 4711 210 4771 rionatus,
236 4709 296 4758 dico
320 4710 354 4760 de
378 4711 476 4774 origine
499 4709 684 4774 stipendiisque
704 4717 764 4759 ante
786 4710 863 4760 tactis
886 4723 1012 4775 quaenam
1035 4711 1105 4775 leges
1128 4711 1197 4776 apud
1216 4711 1348 4763 Romanos
1370 4725 1417 4776 per

80 4801 181 4852 dismas
199 4809 319 4865 tempora
337 4803 364 4851 in
383 4817 430 4851 usu
449 4802 544 4852 luerint
562 4810 591 4852 ut
609 4802 759 4866 explicetur.

134 4891 161 4955 ⁴)
179 4892 269 4944 Notae
290 4892 344 4953 VI,
367 4893 441 4945 2379*
458 4893 508 4944 111.
522 4893 572 4944 bis
596 4898 690 4942 tvos
712 4901 738 4943 et
749 4893 795 4956 1v‚
814 4895 862 4944 blr
886 4897 970 4942 evoe
987 4899 1008 4942 a
1028 4893 1090 4960 quid
1106 4893 1258 4958 significent,
1273 4897 1415 4960 ignoratur.

78 4980 206 5034 ancotus
224 4982 401 5050 beneficius-ius
420 4985 524 5036 detondi
543 4999 597 5036 nou
615 4985 700 5051 potest
718 4987 769 5037 nisi
788 4993 817 5036 ut
834 4985 861 5036 id
880 4986 987 5038 abusive
1004 4988 1126 5052 scriptum
1146 4988 1179 5037 sit
1194 5002 1243 5053 pro
1262 4996 1365 5040 euocato
1384 5005 1415 5040 ee

77 5073 251 5141 bagidode,-
275 5076 322 5126 sed
339 5091 398 5125 curn
417 5075 444 5126 iu
464 5077 555 5129 eodem
575 5079 699 5130 laterculo
718 5085 787 5132 recte
806 5080 932 5148 scriptum,
947 5079 979 5130 sit
999 5079 1137 5144 eecclutua)
1157 5093 1188 5131 ex
1206 5079 1363 5146 si9(es‡scro),
1386 5083 1415 5132 in

78 5165 143 5219 hunc
162 5177 232 5220 certe
253 5168 281 5219 id
301 5182 353 5219 non
371 5169 448 5224 eadit·
