3510 5828
324 513 368 583 18
754 531 1028 584 anstrannum
1055 533 1139 583 von
1158 532 1202 582 111
1620 529 1651 582 rs

321 707 448 765 nabetur
469 706 599 766 civitatis
621 707 668 765 ius
694 705 816 782 aliquod
841 706 911 765 licet
936 707 1109 784 peregrinae
1137 707 1263 778 habens,
1292 723 1350 764 non
1378 712 1439 763 tam
1464 705 1496 762 in
1518 703 1653 764 Polliam

321 807 506 867 referebatur
528 828 617 886 quam
638 809 669 866 in
692 809 768 868 alias
790 809 896 879 tribus,
919 809 955 866 de
977 808 1086 884 quibus
1109 808 1168 866 hoo
1185 808 1252 866 loco
1274 807 1439 885 disputatio
1457 825 1516 865 non
1539 816 1584 866 est
1606 807 1654 864 in·

322 911 485 984 stituenda3
513 930 601 988 quam
624 911 661 968 ob
682 929 744 970 rem
766 911 797 968 in
819 911 857 969 iis
879 910 966 984 solis,
990 911 1040 987 qui
1062 911 1093 969 in
1115 911 1237 969 canabis
1258 911 1320 969 nati
1342 920 1441 982 erant,
1464 911 1591 982 mansit,
1619 915 1655 966 ut

323 1014 442 1071 civitate
465 1013 567 1071 donati
588 1012 706 1072 Polliae
728 1013 977 1072 adscriberentur.

407 1115 494 1190 Quod
522 1116 548 1174 si
578 1115 620 1172 ita
647 1115 780 1174 videmus
807 1115 838 1173 in
867 1118 1016 1192 Aegypto,
1044 1122 1122 1174 certe
1150 1116 1269 1175 saeculo
1291 1117 1401 1194 primo,
1434 1115 1562 1174 fortasse
1596 1115 1652 1173 sub

325 1220 459 1294 Augusto
482 1217 528 1276 vel
544 1217 665 1276 Tiberio
687 1217 823 1276 homines
845 1218 874 1274 in
898 1219 1005 1276 castris
1028 1237 1066 1276 ex
1085 1219 1281 1278 contubernio
1296 1219 1423 1276 militum
1440 1237 1507 1276 cum
1522 1217 1655 1276 mulieri-

323 1323 379 1379 bus
403 1321 566 1396 peregrinis
588 1319 730 1378 oriundos
752 1329 782 1378 et
803 1329 962 1398 propterea
984 1319 1101 1378 civitate
1123 1331 1258 1379 carentes
1280 1319 1380 1398 aliquo
1402 1339 1525 1379 numero
1545 1319 1582 1376 ad
1600 1319 1654 1377 mi·

323 1424 416 1481 litium
440 1429 592 1499 paternam
616 1421 762 1480 admissos
786 1440 866 1493 esse,
892 1422 922 1479 id
945 1427 978 1478 ut
1003 1422 1124 1480 omnino
1151 1423 1290 1481 abhorret
1315 1443 1334 1481 a
1359 1423 1518 1500 disciplina
1544 1423 1654 1480 aetatis

324 1525 470 1598 mollario,
497 1526 540 1583 ita
560 1524 721 1582 verisimile
744 1533 789 1582 est
812 1524 842 1582 in
865 1526 1004 1600 Aegypto
1028 1523 1172 1582 maturius
1195 1543 1283 1601 quarn
1306 1525 1377 1583 alibi
1399 1525 1562 1584 admissum
1586 1542 1656 1582 esse
1743 1507 1745 1512 Α

325 1637 355 1686 et
376 1628 443 1684 inde
465 1627 594 1686 sortasse
617 1635 649 1684 ut
663 1627 723 1683 alia
736 1626 878 1704 pleraque
893 1627 930 1684 ad
946 1626 1116 1684 universum
1132 1627 1288 1702 imperium
1304 1637 1510 1704 propagatum.
1544 1624 1657 1685 Castra

324 1731 462 1788 Romana
480 1717 689 1788 Alexandreae
712 1745 779 1787 esse
801 1737 962 1806 coeperunt
983 1729 1135 1804 aliquanto
1157 1737 1226 1788 ante
1249 1749 1336 1806 quam
1353 1730 1509 1808 Aegyptus
1533 1729 1561 1786 in
1585 1747 1656 1804 pro-

325 1833 440 1890 vinciae
461 1831 586 1890 formam
608 1831 730 1890 redacta
746 1839 792 1890 est
807 1849 832 1887 a.
850 1852 877 1888 u.
895 1831 964 1902 699,
988 1849 1046 1908 quo
1062 1832 1100 1889 A.
1117 1829 1265 1890 Gabinius
1281 1832 1454 1890 Ptolemaeo
1469 1831 1542 1908 regi,
1565 1849 1655 1906 quern

325 1934 496 2006 reduxerat,
518 1943 631 2010 partem
655 1934 806 2010 copiarum
824 1933 951 2008 reliquit.
988 1931 1101 1991 Caesar
1122 1933 1150 1992 b.
1167 1952 1191 1992 o.
1209 1933 1237 2005 3,
1253 1935 1272 1990 4
1296 1933 1346 2009 (ol.
1364 1935 1521 2011 Appianas
1536 1933 1566 1990 b.
1582 1951 1609 1990 c.
1627 1931 1656 2004 2,

328 2037 381 2112 49)
405 2037 435 2093 in
457 2053 581 2094 recensu
602 2036 755 2112 copiarum
778 2035 1028 2111 Pompeianarum
1055 2043 1207 2094 enumerat
1228 2039 1395 2112 quingentos
1424 2054 1457 2094 aa
1481 2033 1657 2094 Gabinianis

327 2139 508 2198 Alexandria
532 2137 634 2196 Gallos
657 2139 881 2213 Germanosque,
909 2155 979 2212 quoe
1001 2138 1040 2196 ibi
1062 2137 1099 2195 A.
1125 2136 1264 2196 Gabinius
1289 2139 1432 2214 praesidii
1458 2155 1548 2196 causa
1575 2137 1660 2212 apud

326 2260 418 2317 repens
444 2240 635 2300 Ptolemaeum
661 2240 830 2316 reliquerat,
866 2239 937 2296 alibi
970 2239 1093 2314 (l.c.3,
1117 2240 1189 2315 103)
1223 2241 1299 2299 inter
1324 2240 1434 2298 milites
1462 2241 1541 2316 regis
1570 2239 1657 2315 pueri

327 2343 493 2402 Ptolemaei
514 2343 557 2400 ait
577 2343 671 2400 fuisse
693 2342 849 2418 complures
872 2341 990 2419 Pompei
1010 2343 1122 2414 milites,
1146 2361 1216 2418 quos
1239 2362 1273 2401 aa
1294 2346 1354 2400 aius
1376 2345 1498 2400 mereim
1525 2351 1657 2417 acceptos

329 2449 359 2503 in
382 2444 470 2524 Syria
494 2444 633 2505 Gabinius
653 2444 864 2504 Alaeondream
886 2447 1054 2504 traduxerat
1074 2445 1202 2521 belloque
1223 2447 1344 2520 consecto
1367 2446 1447 2520 apud
1465 2443 1658 2502 Ptolemaeum

325 2558 437 2624 patrem
456 2551 541 2624 pueri
561 2549 736 2623 reliquerat,·
768 2548 942 2625 fueruntque
972 2566 1010 2606 ex
1037 2548 1084 2606 bis
1111 2548 1162 2624 qui
1191 2547 1401 2606 interfecerunt
1425 2545 1550 2605 Bibulas
1574 2545 1657 2604 filios

330 2649 484 2726 (Valerius
506 2649 632 2722 Mami,
651 2650 749 2724 1,15;
780 2647 895 2710 Seneca
917 2649 954 2708 ad
976 2649 1066 2708 Marc.
1086 2651 1133 2722 14,
1150 2648 1182 2725 2)
1206 2658 1235 2708 et
1257 2649 1443 2709 centuriones
1464 2666 1582 2726 quoque
1605 2647 1659 2705 tri·

330 2753 460 2830 bunique
473 2752 615 2824 Romani,
636 2753 688 2829 qui
703 2752 839 2830 Pompeii
863 2751 981 2811 casdem
1003 2761 1223 2828 perpetrarunt,
1246 2750 1425 2812 Gabinianis
1443 2750 1503 2810 illis
1519 2750 1659 2808 videntur

330 2855 498 2932 praefuisse
520 2854 570 2930 (of.
593 2854 751 2914 Drumann
767 2856 795 2928 3,
811 2853 896 2931 528).
939 2853 1024 2913 Haec
1047 2863 1115 2912 sunt
1135 2855 1165 2912 ni
1188 2855 1276 2913 fallor
1298 2865 1398 2914 castra
1418 2851 1554 2912 laterculi
1577 2849 1659 2927 Cop·
1691 2931 1696 2942 Ι

331 2957 426 3030 titani,
450 2957 638 3016 seminarium
662 2957 727 3015 sine
743 2956 832 3015 dubio
849 2957 982 3016 omnium
998 2957 1146 3030 vitiorum,
1170 2957 1307 3018 seditem
1323 2957 1452 3016 fortasse
1468 2954 1658 3014 seminarium

331 3060 455 3118 militiae
478 3058 674 3117 hereditariae
696 3059 811 3135 imperii
834 3059 973 3118 Romani.

372 3162 449 3220 Post
463 3161 626 3220 Traianum
639 3161 791 3240 ,deliciunt
811 3163 874 3220 fere
895 3162 932 3221 de
946 3163 1083 3240 legionis,
1106 3181 1183 3239 quae
1198 3172 1260 3222 tum
1275 3165 1446 3240 Aegyptum
1461 3159 1660 3230 custodiebat,

331 3264 363 3322 II
378 3263 526 3322 Traianae
547 3264 673 3322 militum
697 3263 811 3340 origine
833 3264 1003 3324 testimonia
1025 3265 1185 3340 diserta1).
1221 3265 1370 3323 Laterouli
1385 3283 1476 3342 supra
1490 3262 1560 3321 editi
1577 3283 1605 3320 a.
1621 3263 1659 3319 10

332 3366 457 3442 legionis
480 3366 545 3423 eius
568 3366 637 3424 anni
664 3365 721 3423 194
744 3365 855 3426 milites
877 3367 989 3443 pariter
1010 3377 1098 3444 atque
1115 3365 1267 3444 Coptitani
1285 3385 1387 3426 ornnes
1402 3367 1464 3426 fero
1480 3365 1574 3424 tribus
1590 3377 1662 3423 sunt

332 3469 447 3527 Polliae
469 3476 587 3526 etcum
610 3467 754 3543 originem
777 3468 837 3528 fere
860 3477 986 3541 taceant,
1009 3469 1167 3529 verisimile
1190 3481 1236 3527 est
1251 3470 1408 3546 plerosque
1423 3487 1525 3527 sorum
1540 3487 1577 3525 ex
1594 3467 1662 3542 ipsa

333 3573 473 3648 Aegypto
496 3568 639 3628 oriundos
661 3587 738 3628 esse.
786 3570 821 3628 Id
844 3579 941 3629 autem
963 3581 1104 3629 nontam
1127 3571 1236 3648 pendet
1257 3591 1275 3629 a
1296 3572 1361 3650 lege
1383 3573 1529 3648 Augusti,
1556 3587 1662 3628 secun-

334 3674 402 3732 dum
425 3692 514 3750 quam
536 3671 624 3730 modo
648 3671 775 3730 vidimus
796 3673 998 3750 Aegyptiacus
1021 3683 1101 3732 certe
1123 3673 1255 3750 legiones
1278 3673 1323 3750 (et
1344 3683 1442 3750 potest
1463 3672 1531 3731 addi
1554 3673 1664 3749 opinor

335 3775 468 3834 Orientis
489 3773 607 3850 omnes)
633 3774 726 3832 lectas
749 3793 817 3834 esse
838 3775 867 3832 in
889 3776 1052 3852 provinciis
1080 3776 1197 3851 imperii
1221 3774 1364 3847 Graecis,
1393 3776 1446 3834 sed
1472 3775 1509 3833 ad
1536 3792 1664 3832 consue·

334 3877 466 3936 tudinem
489 3878 595 3936 aetatis
618 3877 804 3953 posterioris,
827 3879 863 3935 do
885 3896 943 3954 qua
964 3895 1024 3936 non
1046 3877 1191 3954 estquod
1213 3878 1269 3936 hoc
1291 3877 1357 3936 loco
1374 3877 1663 3954 agamus,.tironum

336 3981 423 4038 etiam
445 3980 676 4057 legionariorum
699 3979 728 4037 in
751 3999 788 4038 ea
810 3980 963 4056 provincia
984 3981 1275 4052 conscribendorum,
1297 3981 1327 4038 in
1350 3997 1410 4055 qua
1427 3980 1504 4056 legio
1520 3981 1666 4038 consiste-

335 4095 397 4153 ret,
425 4082 454 4139 id
476 4081 556 4158 quod
579 4082 655 4140 tituli
676 4081 804 4158 legionis
826 4081 874 4140 lll
897 4085 1051 4160 Augustae
1074 4091 1238 4142 castrorum
1260 4082 1559 4141 Lambaesitanorum
1583 4081 1666 4142 clare

337 4179 544 4260 ostendunt2).
582 4181 641 4244 Sed
663 4204 729 4244 cum
751 4185 782 4242 in
805 4186 954 4263 Aegypto,
978 4186 1064 4244 aliter
1087 4195 1174 4262 atque
1196 4187 1226 4244 in
1245 4184 1367 4260 reliquis
1389 4184 1560 4262 provinciis,
1584 4173 1666 4241 colo·

338 4287 404 4344 iriae
427 4286 622 4361 municipiave
645 4286 753 4344 civium
768 4285 970 4345 Romanorum
994 4288 1078 4346 nulla
1100 4295 1198 4346 essent
1212 4287 1311 4363 itaque
1327 4287 1453 4346 dilectus
1468 4287 1555 4344 etiam
1572 4285 1668 4362 legio-

398 4486 421 4549 ¹)
441 4487 618 4537 Memornntur
637 4503 669 4537 ex
689 4503 720 4538 ea
738 4489 838 4553 legione
854 4490 947 4539 milites
960 4491 1084 4555 originem
1098 4489 1222 4540 habentes
1235 4487 1319 4540 Italus
1332 4488 1407 4555 (Eph.
1420 4490 1434 4539 2
1449 4505 1474 4538 n.
1486 4489 1559 4549 338),
1580 4487 1667 4550 elisis)
1735 4525 1745 4548 ,

339 4577 486 4642 Montanus)
519 4577 707 4630 Carnuntiensis
734 4583 881 4647 prouinciae
908 4580 1056 4632 Pannoniae
1084 4583 1223 4649 superioris
1250 4582 1361 4647 (Epinb
1387 4599 1412 4632 n.
1432 4577 1510 4645 328),
1540 4577 1668 4630 Macedon

341 4672 416 4736 (Eph.
433 4675 448 4721 2
469 4689 494 4722 n.
509 4673 580 4735 327).
613 4673 665 4726 Sed
684 4674 803 4723 videntur
822 4676 937 4739 gregales
957 4675 1066 4740 legionis
1078 4675 1205 4725 Traianae
1225 4690 1257 4724 ex
1271 4675 1333 4739 ipsis
1347 4675 1436 4724 castris
1450 4674 1489 4722 sel
1504 4673 1668 4723 Alexandria

341 4765 443 4813 oriundi
463 4764 589 4829 originem
608 4767 714 4816 reticere
733 4773 821 4832 utpote
841 4774 894 4817 tum
913 4767 967 4817 fere
986 4783 1161 4831 communem,
1188 4768 1317 4833 peregrini
1335 4767 1485 4832 praesertim
1510 4779 1566 4815 eam
1587 4780 1668 4817 onua-

341 4857 414 4906 tiore.

402 4947 426 5010 2)
447 4951 527 5000 Tituli
546 4951 642 5001 inventi
663 4953 688 5001 in
709 4953 798 5001 eastris
818 4953 1022 5003 Lambaesitunis
1041 4954 1184 5003 constitutis
1205 4971 1226 5002 o.
1241 4969 1264 5002 a.
1280 4935 1331 5003 123
1352 4951 1392 5001 rel
1411 4951 1443 5001 ad
1463 4953 1490 5001 id
1510 4952 1669 5016 praetorium

342 5043 468 5092 referendi
489 5059 539 5093 non
561 5043 655 5094 habent
679 5059 710 5093 ex
735 5045 813 5094 Italia
836 5045 958 5095 oriundos
984 5046 1077 5095 milites
1100 5047 1210 5110 legionis
1230 5046 1370 5095 Africanae
1393 5045 1442 5094 nisi
1468 5061 1546 5094 unum
1571 5043 1670 5093 duosve

343 5127 494 5197 (votvm,
515 5136 699 5198 assessis),
720 5137 827 5186 aliarum
847 5153 947 5203 qnoque
967 5139 1157 5202 provinciarum
1176 5153 1325 5203 perpaucos,
1345 5144 1434 5188 cantra
1446 5135 1671 5200 longeplerosque

343 5227 491 5278 Africanos.
