3428 5834
427 550 728 604 ossnnvarronas
755 551 1039 604 EPIGRAPHIOAE.
1325 529 1396 602 643

61 719 195 788 minutos
219 726 370 803 sportulas
393 726 528 802 flagitare
556 721 689 802 (χαλκδν
710 719 801 810 suipra
829 718 933 808 μέτριον
959 717 1006 785 nai
1033 721 1156 808 οἷσχρόν
1183 718 1398 808 εἰσπράττουσιν

63 825 99 910 ἐξ
122 821 285 912 turpatur),
313 828 367 888 sed
389 828 477 886 etiam
500 829 632 888 chartam
654 829 814 908 pessimam
838 831 979 906 praebere
1003 822 1123 912 (χόρτον
1156 863 1197 872 -
1229 830 1330 888 fenum
1359 859 1400 872 -

63 922 126 991 cirri
152 923 268 1013 χόρτον
292 921 441 1012 γράμμασι
464 922 590 1006 φαύλοις
610 920 658 989 nal
678 923 775 989 arvico
798 917 909 1003 ἕξουσιν
931 926 1097 1006 ἐκδιδοῦσι).
1135 932 1270 990 Eiulanti
1292 949 1399 1008 excep·

61 1037 123 1110 tori
146 1035 197 1112 qui
218 1033 275 1092 fuit
298 1040 328 1091 et
349 1033 492 1110 temporis
515 1035 573 1092 acti
596 1033 644 1092 rei
666 1035 766 1110 potius
789 1034 989 1112 sportularum
1011 1043 1183 1093 exactorum
1198 1035 1348 1093 laudatori
1362 1052 1400 1092 nc

61 1139 152 1198 fidem
174 1137 295 1208 habeas,
319 1135 446 1194 edictum
469 1136 640 1195 Marisciani
663 1137 791 1195 ostendit
813 1156 866 1212 per
889 1136 948 1194 duo
971 1145 1050 1196 certe
1073 1138 1194 1197 saecula
1216 1145 1284 1196 ante
1305 1137 1399 1194 canti-

62 1239 147 1298 lenas
175 1239 244 1297 illas
274 1239 403 1316 scriptas
425 1239 595 1297 chartarum
619 1239 754 1314 partibus
777 1239 953 1298 traditarum
980 1241 1017 1298 ab
1041 1241 1250 1316 exceptoribus
1273 1238 1399 1314 pretium

63 1353 204 1400 exactum
227 1359 305 1400 esse.
330 1373 366 1384 —
395 1340 519 1400 Chartae
538 1344 661 1399 maiores
684 1350 715 1398 ut
735 1342 792 1399 hoc
813 1341 878 1399 ioco
901 1349 1013 1401 certum
1036 1359 1129 1418 genus
1154 1342 1332 1420 significant,
1358 1341 1401 1399 ita

63 1445 144 1520 apud
167 1443 333 1501 Martialem
360 1444 410 1515 14,
438 1444 538 1501 10.11
563 1443 639 1503 inter
661 1443 721 1502 alia
742 1461 820 1519 quae
842 1444 883 1502 ibi
906 1443 1054 1502 alternant
1080 1445 1206 1503 meliora
1234 1455 1264 1502 et
1291 1443 1399 1501 viliora

64 1547 125 1604 duo
148 1564 266 1621 quoque
288 1563 398 1621 genera
420 1545 590 1604 chartarum
612 1546 696 1604 iuxta
719 1555 870 1621 ponuntur
891 1551 1011 1605 maiores
1039 1553 1069 1604 et
1096 1547 1273 1623 epistulares.
1317 1544 1399 1603 Lati·

64 1647 136 1707 tudo
160 1649 288 1724 paginae
311 1667 377 1706 cnm
400 1649 431 1706 in
452 1648 576 1726 papyris
598 1648 640 1705 ita
662 1648 791 1718 differat,
815 1657 846 1706 ut
867 1649 926 1706 duo
949 1667 1059 1724 genera
1081 1649 1147 1707 sola
1168 1667 1221 1724 per
1241 1667 1306 1706 eam
1322 1648 1400 1706 effici

63 1759 227 1826 nequeant,
260 1751 369 1827 papyri
395 1759 493 1808 autem
523 1769 599 1826 quae
625 1758 787 1827 supersunt
812 1751 890 1809 altae
917 1751 976 1810 sint
1007 1759 1058 1808 aut
1089 1761 1165 1809 cent.
1186 1750 1317 1809 20-25
1348 1757 1401 1807 aut

64 1863 142 1911 cent.
160 1848 332 1926 30-351),
361 1859 441 1910 recte
464 1853 693 1930 appellabuntur
715 1853 842 1912 minores
865 1853 945 1925 illae,
967 1853 1023 1912 hae
1045 1853 1184 1911 maiores.
1228 1853 1264 1911 In
1287 1852 1400 1929 generi·

62 1956 121 2012 bus
143 1955 307 2032 pretiisque
328 1973 509 2031 papyrorum
533 1974 714 2032 quamquam
741 1966 877 2014 auctores
904 1955 941 2014 ad
967 1955 1155 2014 latitudinem
1184 1956 1280 2014 solam
1307 1964 1401 2012 atten-

64 2059 149 2129 dunt,
172 2057 249 2115 ratio
272 2057 406 2132 requirit,
436 2065 469 2113 ut
491 2056 657 2116 altitudinis
679 2076 797 2134 quoque
820 2057 978 2118 diversitas
1001 2067 1060 2116 tam
1084 2059 1121 2116 ad
1145 2057 1289 2116 vocabula
1310 2075 1400 2133 quarn

64 2160 102 2218 ad
126 2160 224 2234 pretia
246 2177 305 2216 non
326 2159 425 2216 minus
447 2161 633 2235 pertinuerit.

106 2259 252 2319 Venimus
279 2260 317 2318 ad
343 2261 472 2319 libellos.
523 2261 707 2322 Libellensis
735 2281 802 2320 curn
828 2262 908 2320 idern
935 2270 963 2320 et
990 2263 1269 2321 subscribendarius
1299 2263 1401 2338 appel·

63 2365 143 2424 tetur
165 2372 194 2420 et
215 2362 496 2440 regerendariust),
526 2365 647 2423 omnino
669 2364 699 2422 id
722 2349 910 2441 potissimum
934 2373 1031 2435 curat,
1060 2372 1091 2422 nt
1112 2364 1222 2422 libellis
1245 2381 1319 2439 qnos
1342 2365 1401 2440 pri-

64 2467 127 2524 vati
154 2465 342 2542 magistratui
371 2466 490 2524 tradunt
518 2467 686 2525 subscribat
712 2485 744 2524 se
771 2485 822 2524 cos
849 2467 1002 2541 accepisse
1029 2466 1077 2524 die
1103 2465 1173 2537 ilio;
1208 2476 1238 2524 et
1264 2467 1402 2525 convenit

63 2567 184 2627 modica
204 2567 330 2626 duorum
352 2567 518 2626 modiorum
540 2569 571 2626 in
595 2588 652 2626 uno
675 2569 777 2627 libello
801 2568 965 2626 retributio.
1016 2567 1083 2626 Hoc
1109 2586 1181 2626 carc
1208 2575 1324 2626 statuas
1351 2570 1402 2643 qui

64 2673 139 2730 haec
159 2671 279 2747 scripsit
299 2670 476 2728 iudiciorum
499 2689 565 2730 eum
592 2670 651 2728 duo
678 2688 787 2748 genera
812 2671 995 2747 distinguere
1022 2670 1166 2744 voluisse,
1197 2670 1322 2728 alterum
1350 2689 1403 2745 per

63 2772 310 2850 postulationem,
340 2791 416 2848 quae
438 2773 538 2831 verbis
562 2774 595 2830 fit
617 2773 696 2851 apud
720 2781 786 2832 acta
807 2780 910 2830 orante
937 2773 1097 2845 advocato,
1125 2773 1272 2832 scribente
1294 2791 1401 2848 excep-

64 2885 141 2946 tore,
164 2874 291 2933 alterum
314 2895 367 2950 per
388 2875 521 2932 libellum
545 2876 687 2952 scriptum
711 2895 729 2933 a
749 2875 868 2953 privato
890 2875 1022 2950 praesidi
1044 2875 1205 2934 exhibitum
1229 2883 1258 2932 et
1280 2895 1299 2933 a
1319 2875 1403 2932 libel·

64 2978 146 3036 lcnsi
168 2957 375 3052 subscriptam.
419 2975 498 3035 Nam
521 2978 597 3035 hanc
617 2978 718 3036 iudicii
741 2977 899 3036 ordinandi
925 2978 1051 3036 formam
1080 2996 1147 3035 curn
1176 2985 1293 3036 constet
1312 2977 1403 3034 Insti-

65 3080 150 3138 niani
176 3089 309 3154 tempore
341 3079 562 3155 obtinuisse³)‚
595 3079 632 3136 ad
661 3079 769 3138 Iuliani
798 3090 925 3138 aetatem
954 3098 1024 3138 num
1054 3079 1219 3139 adscendet
1245 3078 1404 3137 admodum

65 3181 191 3240 dubium
217 3190 270 3252 est,
297 3189 327 3238 et
349 3181 477 3238 edictum
499 3182 531 3240 id
553 3189 584 3240 ut
606 3189 772 3240 statuamus
795 3182 879 3240 nullo
902 3183 990 3240 modo
1013 3183 1099 3257 cogit.
1153 3180 1231 3242 Sane
1250 3181 1404 3241 Mariscia·

11 3357 13 3360 Ι
65 3302 126 3342 nus
149 3283 201 3340 vix
224 3281 365 3360 cogitavit
388 3282 424 3340 de
446 3283 555 3342 libellis
576 3285 607 3342 in
630 3285 799 3343 universum
824 3285 954 3359 praesidi
983 3284 1139 3356 exhibitis,
1169 3284 1220 3343 sed
1247 3286 1303 3343 hoc
1331 3301 1404 3359 quo·

67 3407 127 3462 que
150 3392 239 3461 capnt
260 3393 292 3442 ut
313 3385 429 3460 reliqua
451 3386 552 3443 omnia
579 3386 616 3443 ad
644 3387 710 3445 lites
739 3389 870 3462 privatas
898 3388 1039 3463 pertinet3
1068 3395 1099 3444 at
1126 3387 1216 3445 etiam
1242 3387 1404 3445 secundum

65 3489 259 3546 vetustiorem
283 3487 407 3546 sormam
432 3507 532 3546 earnm
555 3507 614 3546 non
636 3509 705 3546 raro
728 3489 822 3546 libelli
845 3490 1013 3548 offeruntur
1039 3489 1184 3566 praesidi,
1213 3497 1245 3546 ut
1272 3489 1405 3565 appella·

65 3591 137 3648 torii
160 3597 189 3648 et
210 3590 390 3662 refutatorii,
417 3609 512 3666 nsque
534 3591 695 3669 quicquam
718 3590 853 3668 impedit,
880 3593 1038 3668 quominus
1061 3593 1097 3650 de
1118 3591 1165 3648 his
1189 3599 1291 3650 auctor
1317 3591 1405 3649 edicti

66 3693 217 3769 cogitarit.

154 3794 260 3852 Restat
282 3795 484 3871 sportularum
507 3795 642 3854 definitio
664 3815 724 3854 non
743 3797 922 3874 pecuniaria,
946 3796 1000 3854 sed
1016 3795 1219 3866 frumentaria,
1244 3795 1339 3869 primo
1355 3795 1405 3852 ad-

67 3903 174 3973 spectu
196 3897 273 3954 mira
294 3917 348 3955 nec
369 3897 487 3955 rediens
514 3898 593 3972 quod
621 3899 712 3956 sciam
739 3899 770 3955 in
797 3898 857 3956 ullo
884 3897 1063 3955 documento
1093 3897 1197 3978 simili,
1226 3897 1278 3954 sed
1306 3916 1406 3954 rarum

66 3998 238 4057 condicioni
261 4017 337 4073 quac
360 4008 422 4056 tum
450 3999 507 4057 suit
536 4000 713 4075 legibusque
741 4001 828 4076 plane
856 3999 1046 4057 conveniens.
1095 3999 1261 4074 Postquam
1288 3998 1406 4056 labente

128 4229 152 4290 ¹)
171 4227 229 4279 Birt
248 4228 296 4279 dns
315 4229 399 4280 notite
412 4229 563 4282 Bactrceeea
583 4249 608 4297 p.
625 4234 686 4282 272.
719 4232 792 4282 Idem
811 4233 850 4281 vir
869 4232 958 4282 doctus
978 4237 1120 4297 opportune
1140 4231 1273 4281 admonuit
1292 4244 1333 4280 me
1353 4231 1407 4295 epi·

67 4329 242 4389 grammatnm
262 4323 389 4373 Martialis
409 4339 487 4388 supra
506 4325 691 4390 adlegatorum,
711 4325 743 4374 dc
764 4325 855 4390 quibus
875 4327 929 4389 ipse
949 4325 1001 4388 egit
1019 4325 1036 4373 1.
1050 4342 1072 4374 c.
1092 4340 1117 4389 p.
1132 4323 1174 4373 ⁷4.

128 4412 153 4476 ¹)
172 4414 459 4480 Bethmsnn-Holiweg
477 4415 646 4484 Cinitprocess
665 4417 681 4465 3
702 4433 726 4482 p.
745 4417 803 4468 153.
836 4418 863 4467 Is
881 4432 934 4467 non
954 4417 1029 4466 rideo
1049 4433 1094 4466 eur
1112 4416 1189 4466 tidem
1206 4423 1280 4480 neget
1292 4415 1407 4467 Notitiae

67 4507 224 4572 dignitatum
250 4507 294 4558 Or.
309 4510 352 4570 37,
375 4509 409 4558 50
433 4509 490 4558 duci
511 4511 626 4560 Arabiae
649 4509 798 4560 attribuenti
823 4527 839 4558 a
866 4507 960 4559 libellis
987 4510 1038 4559 cive
1062 4507 1280 4575 reperendnrium5
1310 4509 1409 4558 accedit

68 4601 141 4666 quod
161 4601 225 4649 nulli
245 4603 404 4665 magistratui
417 4602 518 4652 Notitia
537 4603 625 4651 tribuit
645 4609 697 4651 tam
715 4602 874 4652 libelicnssm
895 4617 971 4666 quam
991 4603 1205 4666 regerendarium‚
1225 4601 1270 4650 sed
1284 4601 1326 4650 ubi
1340 4602 1408 4650 hune

67 4693 154 4758 ponit,
175 4693 201 4740 id
221 4693 290 4757 quod
310 4693 372 4742 iacit
390 4693 417 4742 in
437 4694 572 4758 praefectis
592 4695 722 4758 praetorio
742 4701 766 4742 et
785 4695 855 4743 urbis
873 4700 898 4743 ct
910 4696 937 4744 in
951 4696 1079 4758 magistris
1092 4695 1210 4756 militum,
1230 4694 1345 4755 ducibus,
1366 4709 1408 4742 eo·

68 4783 178 4833 mitibus
197 4785 309 4849 partium
329 4785 483 4847 Occidentis,
504 4787 539 4834 ibi
559 4787 645 4836 deficit
663 4788 707 4850 qui
727 4794 765 4835 est
784 4801 799 4835 ν
819 4785 920 4835 libellis.

131 4872 155 4935 ³)
175 4875 463 4941 Bethmann-Hollweg
482 4878 498 4926 1.
513 4895 534 4926 c.
555 4895 579 4942 p.
598 4880 657 4927 198.
678 4879 739 4928 243.
790 4879 840 4927 1110
859 4879 916 4928 loco
940 4893 1005 4942 quae
1030 4880 1181 4944 adlegantur
1204 4894 1235 4928 ex
1256 4885 1340 4928 estate
1363 4894 1408 4930 an·

70 4969 169 5018 teriora
189 4970 322 5034 exempla,
348 4970 391 5018 vix
411 4977 480 5019 recte
499 4971 548 5020 buc
567 4972 716 5031 trahuntur3
746 4971 859 5036 exempli
878 4985 956 5020 causa
974 4972 1122 5020 constitutio
1142 4986 1165 5021 a.
1179 4972 1233 5020 412
1254 4971 1282 5020 C.
1298 4973 1348 5021 Th.
1365 4973 1407 5032 13,

69 5063 117 5122 10,
132 5060 148 5108 6
164 5079 197 5101 =
214 5061 445 5123 c.1ust.11‚o,5
466 5064 610 5127 cognitores
630 5077 774 5113 memorans
795 5061 877 5112 libelli
895 5060 996 5111 datione
1016 5063 1057 5112 vel
1069 5063 1196 5129 planaria
1209 5064 1409 5130 interpellatione

68 5153 247 5213 commonitos,
272 5169 325 5204 non
344 5155 398 5218 agit
417 5154 449 5204 de
468 5155 513 5204 lite
532 5157 646 5219 privata,
671 5157 717 5206 ssd
736 5156 768 5205 de
787 5155 888 5219 publico
908 5155 994 5219 aliquo
1014 5155 1110 5206 indicio
1130 5156 1162 5205 ob
1183 5169 1275 5207 navem
1294 5158 1409 5208 submer-

67 5260 136 5296 sam.
