3518 5828
335 515 406 587 160
908 533 1090 590 mommsen

332 717 361 766 et
382 708 556 767 decuriones
579 707 635 766 etsi
658 725 693 765 eo
715 708 834 766 nominc
856 709 1003 784 pervenit,
1032 708 1113 785 quod
1139 709 1271 787 plerique
1297 728 1398 768 eorum
1424 728 1463 768 ex
1488 709 1661 786 gregalibus

331 809 368 867 ad
386 810 483 868 locum
499 809 720 868 honoratiorem
736 809 963 883 adscenderunt,
986 811 1079 869 nihilo
1094 811 1191 870 minus
1206 829 1317 888 genera
1331 811 1455 871 militiae
1469 812 1662 890 originesque

331 911 363 968 in
384 912 539 971 honoratis
560 911 607 970 hie
629 911 672 970 ita
694 912 851 984 tolluntur,
875 921 908 970 ut
928 912 967 970 ad
988 913 1064 971 hanc
1086 913 1293 989 quaestionem
1315 913 1503 972 centuriones
1526 913 1662 972 decurio·

331 1031 441 1089 nesque
463 1013 484 1070 ii
508 1013 565 1071 soli
587 1013 703 1072 admitti
729 1015 861 1089 possint,
889 1032 1015 1090 quorum
1042 1021 1152 1072 statum
1180 1023 1248 1073 ante
1278 1015 1378 1074 locum
1406 1015 1489 1074 illum
1520 1015 1661 1092 adeptum

330 1115 471 1173 traditum
493 1115 645 1174 habemus.
683 1113 761 1176 Sane
779 1115 1017 1192 praepositorum
1032 1116 1150 1176 infimos
1166 1116 1286 1194 gradus,
1309 1126 1342 1176 ut
1356 1119 1542 1177 centuriones
1557 1117 1662 1176 cohor·

242 1225 250 1238 ’
275 1207 276 1210 “
330 1217 406 1275 tales
434 1225 463 1275 et
489 1217 584 1295 magis
612 1218 701 1276 etiam
730 1217 904 1277 decuriones
931 1217 1046 1276 alarum
1073 1218 1130 1276 hoc
1157 1219 1277 1278 nomine
1304 1227 1366 1278 tum
1393 1239 1460 1279 cum
1486 1218 1662 1296 gregalibus

330 1325 408 1376 recte
430 1319 708 1395 aequiparabimus,
738 1338 803 1377 cum
831 1328 956 1396 apparet
977 1328 1101 1378 vocatos
1127 1337 1196 1380 esee
1223 1321 1261 1380 ad
1288 1341 1355 1380 eum
1380 1322 1480 1398 ipsum
1507 1341 1662 1380 numerum

330 1421 507 1496 regendum,
539 1421 570 1478 in
592 1439 650 1496 quo
672 1420 701 1477 iu
725 1420 828 1479 ordine
850 1429 1027 1481 meruerant.
1075 1421 1180 1498 Itaque
1201 1422 1265 1481 eius
1293 1424 1410 1499 generis
1436 1441 1562 1499 quorum
1589 1423 1663 1480 mihi

330 1522 417 1598 copia
438 1531 503 1581 erat
523 1541 646 1580 numero
669 1541 835 1600 perpaucos
857 1523 980 1594 admisi3
1003 1541 1054 1582 eos
1076 1535 1191 1616 eptem,
1214 1542 1290 1600 quos
1313 1525 1433 1600 patebat
1454 1525 1572 1584 aliunde
1593 1543 1663 1601 pro·

329 1623 424 1682 sectos
446 1624 592 1683 militibus
615 1624 662 1683 his
684 1623 732 1682 vel
754 1623 815 1682 illis
837 1625 1026 1702 praepositos
1049 1644 1128 1697 esse,
1151 1626 1258 1704 procul
1278 1627 1376 1685 habui.
1421 1624 1543 1700 Quanta
1564 1627 1663 1686 diver-

330 1727 405 1784 sitas
428 1735 540 1798 autem,
567 1726 742 1801 praesertim
765 1726 814 1784 ubi
837 1726 874 1784 de
900 1727 1013 1802 origine
1040 1728 1152 1806 agitur,
1177 1727 1343 1786 intercedat
1368 1729 1445 1788 iuter
1472 1728 1663 1786 centuriones

329 1827 510 1903 legionarios
537 1827 729 1903 reliquosque
754 1827 812 1885 loci
838 1828 1011 1904 insignioris
1038 1839 1067 1887 et
1096 1829 1206 1887 milites
1233 1830 1385 1908 gregales,
1416 1829 1484 1888 inde
1515 1829 1664 1907 intellegi·

330 1937 392 2001 tur,
419 1929 513 2004 quod,
541 1947 607 1987 cum
635 1929 733 1987 Italici
760 1930 924 2006 imperante
943 1930 1135 2007 Vespasiano
1165 1930 1212 2006 (ut
1238 1931 1310 1989 alibi
1337 1931 1507 2007 ostendam)
1534 1931 1665 1990 militare

330 2030 481 2104 desierint,
503 2030 534 2089 id
556 2031 594 2090 ad
616 2031 804 2090 centuriones
828 2031 909 2090 nullo
933 2032 1022 2090 modo
1045 2029 1229 2109 pervenitl).
1265 2031 1399 2093 Habebit
1421 2033 1542 2092 omnino
1557 2033 1665 2092 harum

334 2166 538 2176 ——--—---

388 2249 411 2312 ¹)
431 2251 491 2302 Non
514 2252 560 2302 aba
582 2267 611 2302 re
636 2259 674 2302 est
697 2253 825 2304 diuersam
849 2254 1025 2304 centurionum
1052 2262 1078 2304 et
1103 2255 1215 2305 militum
1239 2255 1440 2320 legionariorum
1465 2255 1592 2320 originem
1616 2255 1664 2304 ali·

331 2351 455 2408 qnatenus
474 2345 603 2395 illustrare
622 2345 747 2410 exemplis
766 2346 853 2410 petitis
872 2347 985 2396 maxime
1005 2361 1021 2397 a
1039 2347 1141 2412 legione
1163 2348 1287 2398 Africana
1306 2347 1436 2412 titulisque
1449 2346 1664 2398 Lambaesitania.

329 2435 532 2487 Perreuiebatur
550 2437 584 2487 ad
604 2438 809 2489 centurionatum
827 2439 999 2502 legionarium
1018 2439 1114 2504 triplici
1133 2441 1184 2501 ria,
1208 2447 1253 2490 aut
1272 2453 1318 2504 per
1337 2438 1510 2503 stipendiata
1530 2438 1665 2503 provincia

329 2527 405 2588 lacte,
426 2529 540 2578 maxime
559 2530 710 2594 legionarius,
731 2530 814 2580 rarius
833 2544 880 2596 per
899 2531 982 2581 aleria
1001 2531 1041 2580 rel
1060 2531 1212 2594 cohortalis,
1232 2538 1277 2582 aut
1295 2545 1341 2595 per
1359 2531 1488 2595 stipendia
1500 2531 1600 2592 urbica,
1619 2545 1653 2580 au

329 2621 401 2672 nulla
420 2622 511 2671 militia
527 2623 626 2686 gregali
645 2629 748 2687 peracte
764 2622 854 2672 favore
874 2629 899 2672 et
917 2622 1053 2674 natalibus.
1095 2625 1153 2674 Hoc
1170 2622 1304 2689 probabile
1327 2631 1365 2672 est
1389 2623 1469 2672 abusu
1491 2624 1666 2688 potissimumt

330 2714 480 2775 invaluisse,
506 2715 679 2780 pertinuitque
702 2715 812 2765 tortasse
835 2716 985 2779 praesertim
1008 2715 1043 2765 ad
1067 2730 1126 2778 eos,
1155 2716 1199 2780 qui
1221 2730 1254 2766 ex
1278 2715 1389 2780 equestri
1415 2715 1506 2764 ordine
1531 2715 1664 2766 tentantes

330 2805 431 2855 reddito
451 2821 516 2871 equo
536 2806 639 2871 publico
659 2807 821 2856 centuriones
840 2805 902 2856 facti
918 2813 985 2856 sunt.
1017 2808 1062 2857 Ad
1076 2821 1114 2868 ea,
1135 2807 1245 2874 quaeda
1259 2808 1300 2856 his
1312 2807 1434 2856 adnotavi
1448 2808 1475 2856 in
1487 2807 1536 2857 hac
1546 2805 1614 2872 Eph.
1624 2807 1663 2856 IV

330 2913 355 2961 p.
371 2897 434 2960 235)
458 2899 510 2948 iam
529 2899 598 2948 addo
617 2899 719 2950 titulum
743 2913 825 2963 nuper
843 2905 973 2964 repertum
990 2901 1018 2949 in
1037 2899 1130 2949 Africa
1153 2913 1234 2964 prope
1254 2899 1379 2951 Simitthu
1397 2913 1414 2948 a
1433 2897 1548 2964 Cegnato
1574 2905 1600 2947 et
1622 2899 1661 2948 in-

330 2997 425 3039 sertum
444 2991 591 3041 uberrimae
612 2991 666 3039 eius
685 2990 805 3040 relationi
824 2991 898 3040 alteri
916 3007 941 3055 p.
957 2992 1006 3041 88:
1035 2987 1062 3040 O.
1079 2987 1183 3042 Octavio
1198 2985 1228 3048 Q„
1243 2989 1284 3056 fil.
1308 2987 1407 3040 Coraci.
1427 2987 1561 3040 Honorato
1581 2993 1594 3036 7
1616 2988 1661 3039 od·

331 3081 393 3133 lecto
413 3097 443 3131 cc
465 3081 566 3160 eq(uite)
586 3081 719 3146 R(omono)
744 3099 761 3132 o
780 3081 839 3132 dico
860 3081 908 3132 Pio
928 3083 954 3132 in
974 3081 1021 3149 leq.
1035 3080 1070 3131 II
1086 3081 1167 3149 Aug„
1189 3085 1203 3128 7
1225 3082 1273 3148 leg.
1292 3078 1347 3132 VII
1366 3079 1490 3132 Claudiae
1503 3083 1567 3149 pice
1579 3080 1660 3148 fidel,

330 3178 343 3220 7
366 3174 414 3241 leq.
428 3170 499 3224 XVI
515 3171 626 3224 Flaviae
639 3174 760 3239 fir(mce),
780 3178 794 3220 7
816 3174 863 3240 leq.
877 3171 906 3224 X
926 3189 987 3241 pem.
1008 3190 1039 3241 p.
1050 3173 1076 3238 s.
1102 3173 1229 3236 (cohorte)
1252 3169 1428 3241 Vprinc(ipc)
1451 3175 1598 3241 posteriori.
1628 3201 1660 3210 -

330 3266 428 3317 Urbica
445 3266 538 3316 militia
557 3267 590 3316 ed
609 3267 688 3316 vitem
708 3266 829 3331 perduxit
847 3267 902 3316 iere
920 3281 967 3330 per
984 3267 1079 3331 gradm
1099 3266 1172 3328 duos,
1193 3273 1238 3315 aut
1256 3266 1480 3316 corniculariatum
1500 3267 1569 3332 apud
1588 3279 1661 3331 prae·

330 3358 410 3410 sectos
429 3359 551 3424 praetorii
576 3359 782 3409 administratum
807 3358 840 3420 (v.
861 3358 945 3409 Canen
970 3359 997 3408 iu
1021 3359 1069 3408 hac
1088 3358 1155 3423 liph.
1168 3358 1207 3409 1v
1226 3375 1251 3423 p.
1267 3357 1331 3419 475)
1357 3365 1401 3407 ιιι
1423 3359 1602 3409 evocationem
1627 3357 1661 3419 (ι.

330 3450 449 3504 Schmidt
467 3452 494 3502 in
512 3451 624 3502 Hermae
643 3452 694 3500 rol.
710 3453 744 3501 14
763 3467 789 3515 p.
804 3451 856 3502 345
877 3465 993 3516 quaeque
1011 3465 1089 3515 supra
1107 3450 1178 3502 dicta
1196 3457 1255 3501 sunt
1274 3465 1299 3514 p.
1315 3449 1393 3512 145);
1413 3451 1446 3500 ab
1465 3457 1575 3514 unoque
1594 3451 1661 3499 enim

329 3543 389 3594 loco
407 3543 540 3608 proximus
558 3543 653 3606 gradus
672 3543 863 3593 centurionatus
882 3543 1039 3608 legionarius
1059 3557 1115 3593 esse
1133 3543 1206 3593 solet.
1244 3543 1315 3593 Haec
1327 3543 1457 3606 promotio
1470 3557 1528 3592 cum
1541 3541 1576 3592 ad
1589 3555 1661 3607 prae·

331 3637 444 3686 torianos
463 3635 625 3700 potissimum
644 3635 784 3700 pertineat,
807 3635 973 3684 inveniuntur
992 3635 1071 3686 etiam
1090 3635 1251 3684 centuriones
1269 3634 1406 3698 legionarii
1425 3633 1535 3699 proiecti
1553 3648 1588 3683 ex
1607 3648 1661 3682 cor-

329 3729 436 3792 poribus
455 3728 565 3778 militum
583 3729 611 3778 in
630 3726 709 3777 Italia
726 3727 919 3776 consistentium
939 3728 989 3776 loci
1008 3727 1152 3789 interioris,
1176 3733 1204 3776 ut
1223 3726 1420 3776 cornicularium
1439 3726 1546 3790 vigilum
1565 3725 1661 3790 primus

330 3819 434 3869 Marcus
452 3820 489 3869 ita
507 3821 635 3884 promovit
658 3819 748 3882 (Orell.
763 3817 858 3880 3456),
883 3821 944 3869 item
964 3821 1001 3869 sic
1020 3820 1132 3884 promoti
1155 3826 1215 3868 sunt
1233 3816 1376 3869 navarchus
1400 3817 1487 3867 classis
1506 3817 1660 3866 Misenensis

331 3909 372 3970 (C.
385 3909 459 3972 VIII,
481 3909 561 3973 1322)
582 3918 607 3961 et
626 3912 669 3977 qui
689 3919 834 3976 meruerant
850 3913 916 3962 inter
935 3912 1033 3976 equites
1049 3911 1191 3976 singulares
1216 3909 1256 3972 (C.
1268 3911 1305 3973 11,
1320 3910 1401 3960 4147.
1420 3909 1495 3972 VIII,
1515 3907 1607 3970 2817).
1626 3933 1658 3942 -

330 4001 450 4066 Denique
469 4003 539 4067 quod
559 4004 620 4054 olim
639 4004 722 4054 solum
742 4003 860 4065 obtinuit,
879 4005 953 4055 utin
973 4003 1064 4053 ordine
1083 4003 1126 4068 qui
1143 4004 1286 4066 meruisset,
1307 4003 1401 4052 deinde
1416 4001 1533 4052 ordinem
1548 4001 1660 4061 duceret,

331 4093 358 4142 id
377 4095 404 4144 iu
424 4095 575 4159 provinciali
596 4111 697 4161 quoque
716 4095 808 4144 militia
828 4097 905 4145 etiam
922 4103 1014 4160 postea
1026 4096 1129 4156 mansit,
1149 4103 1177 4144 ut
1189 4095 1257 4144 inter
1270 4095 1335 4145 alios
1348 4094 1486 4144 ostendunt
1499 4094 1661 4143 centuriones

331 4187 458 4236 exercitus
478 4187 596 4237 Africani
617 4187 645 4237 C.
660 4188 741 4249 VIII,
765 4189 826 4237 217.
848 4190 920 4240 2354
946 4197 971 4237 ot
991 4187 1141 4240 Germanici
1164 4188 1231 4237 tituli
1250 4185 1449 4237 Brambachiani
1468 4202 1494 4235 n.
1511 4185 1582 4235 1752
1601 4183 1662 4234 anui

331 4278 477 4342 p.c.191.
515 4279 607 4344 Itaque
626 4280 654 4329 iu
673 4280 783 4329 militum
802 4280 929 4345 originem
949 4280 993 4345 qui
1012 4281 1127 4345 inquirit,
1148 4280 1172 4330 ei
1191 4281 1384 4329 centurionatus
1401 4277 1558 4343 legionarius
1572 4275 1661 4341 procul

330 4369 464 4420 habendus
485 4376 531 4432 est,
552 4371 663 4421 eumad
682 4387 740 4421 eum
758 4372 843 4422 locum
862 4387 895 4422 ex
915 4373 1021 4422 diversis
1036 4371 1173 4436 generibus
1185 4371 1292 4422 militiae
1305 4371 1477 4435 perveniatur.
1509 4369 1662 4420 Prouincla-

331 4477 388 4511 mm
407 4469 493 4512 autem
513 4463 647 4522 divmsitas
665 4465 687 4514 si
706 4478 756 4529 qua
775 4465 887 4514 obtinuit
904 4465 931 4514 iu
951 4465 1060 4514 militum
1080 4464 1184 4526 dilectu,
1204 4463 1238 4513 ad
1257 4464 1461 4514 centurionatum
1481 4475 1512 4511 ea
1531 4475 1585 4510 non
1605 4475 1660 4524 per·

332 4555 409 4604 venit.
440 4554 558 4604 Primum
578 4571 635 4605 cum
654 4555 755 4606 soleant
774 4557 935 4606 centuriones
955 4556 987 4605 ab
1007 4571 1057 4606 una
1076 4556 1179 4622 legions
1199 4555 1232 4606 ad
1251 4557 1329 4605 aliam
1349 4553 1491 4616 hunslerri,
1510 4552 1661 4617 plerumque

331 4660 385 4696 non
404 4661 493 4696 omnes
510 4649 702 4699 centurionatus
722 4655 885 4710 enumerant,
909 4648 955 4698 sed
975 4663 1032 4698 eum
1053 4663 1128 4714 quem
1147 4648 1213 4698 torte
1231 4655 1325 4712 gerunt
1343 4648 1383 4697 vel
1403 4660 1478 4711 quem
1502 4651 1662 4709 postremum

331 4739 497 4789 obtinuerunt
515 4740 598 4789 solum
617 4747 728 4805 ponunt3
759 4742 845 4804 itaque
870 4741 902 4789 de
921 4741 1049 4805 plerisque
1068 4740 1261 4802 centurionibus
1289 4755 1305 4789 a
1323 4753 1374 4804 qua
1392 4739 1495 4803 legione
1519 4737 1662 4800 inceperint

332 4829 437 4880 dubium
457 4837 502 4881 est.
534 4832 637 4881 Deinde
655 4832 691 4881 ibi
711 4847 821 4896 quoque,
843 4832 886 4882 abi
906 4832 938 4881 de
958 4833 1136 4883 centurionatu
1155 4833 1239 4897 primo
1259 4831 1405 4891 edocemur,
1424 4829 1537 4894 gregalis
1556 4827 1662 4877 militiae

332 4925 450 4974 condicio
469 4925 530 4974 indo
549 4931 604 4972 tuto
624 4924 710 4988 colligi
729 4925 832 4989 nequit,
852 4939 912 4975 nam
931 4926 974 4989 qui
991 4925 1108 4975 ordinem
1122 4926 1224 4990 accipit,
1244 4937 1429 4988 saepenumero
1443 4920 1520 4972 simul
1534 4920 1663 4984 legionem

332 5024 422 5066 mutat
455 5017 622 5067 Illustrabuut
634 5014 698 5065 haec
713 5031 777 5080 quae
791 5017 935 5081 accepimus
953 5017 985 5066 de
998 5017 1191 5066 centurionibus
1203 5016 1312 5080 legionis
1326 5015 1444 5065 AirIcau.
1477 5013 1552 5062 Inter
1561 5026 1606 5062 eoa
1620 5010 1662 5076 qui

332 5110 441 5173 patriam
460 5111 593 5160 enuntient
605 5109 727 5158 tredecim
742 5109 852 5173 repperi,
868 5123 932 5173 quae
945 5109 1044 5174 patriae
1056 5116 1115 5159 sunt
1128 5107 1275 5173 Campania
1288 5107 1323 5168 (n.
1336 5105 1406 5157 2801
1421 5104 1552 5167 fortasse),
1572 5103 1663 5154 Cluuia

332 5201 472 5266 Hispanias
496 5200 532 5262 (n.
547 5201 642 5264 2807),
668 5203 724 5252 Ara
743 5202 888 5267 Agrippina
907 5200 1065 5264 GermanIae,
1082 5201 1117 5262 (u.
1133 5199 1212 5250 2785.
1228 5200 1322 5262 2907),
1344 5199 1493 5264 Aquincum
1511 5196 1664 5248 Pannoniae
