3518 5828
311 479 383 550 154
878 498 1062 552 mommsen

304 672 358 744 ita,
380 681 496 731 uttam
518 672 716 748 promotionis
738 690 828 748 quam
851 672 1004 732 missionis
1026 672 1179 732 arbitrium
1202 672 1281 747 apud
1307 672 1521 750 imperatorum
1547 674 1636 750 sit1).

304 773 410 850 Itaque
432 774 483 850 qni
506 791 565 832 non
587 783 810 849 promoventur,
832 783 953 833 manent
975 773 1101 846 evocati,
1123 775 1217 833 donec
1234 773 1333 834 officio
1348 774 1501 834 solvantur
1516 775 1637 836 iubente

304 875 348 934 ita
374 877 561 952 imperatore.
599 874 740 934 Veterani
762 876 940 934 vocabulum
967 876 1006 934 ad
1033 885 1188 934 evocatum
1215 876 1258 935 ita
1283 877 1409 935 missum
1436 896 1505 936 raro
1531 887 1561 938 et
1582 878 1636 936 vix

305 977 439 1052 legitimo
460 974 555 1051 usu²)
588 976 726 1048 refertur,
759 977 811 1036 sed
834 978 1003 1055 appellatur
1024 977 1086 1038 iere
1108 995 1142 1036 cc
1162 989 1283 1048 evocato,
1312 995 1371 1036 000
1393 987 1453 1036 tam
1476 979 1556 1054 quod
1578 979 1637 1038 hoc

304 1078 483 1138 vocabulum
510 1078 605 1156 magis
630 1079 826 1137 honorificum
856 1085 903 1137 est
935 1078 1023 1154 (nam
1050 1079 1181 1138 veterani
1210 1079 1300 1138 etiam
1328 1079 1518 1140 centuriones
1546 1090 1636 1152 recte,

304 1197 489 1256 quamquam
511 1198 571 1238 non
593 1180 764 1257 frequenter
786 1179 988 1258 appellantur)
1015 1199 1105 1258 quam
1131 1181 1171 1240 ob
1195 1181 1321 1241 eandem
1348 1199 1484 1253 cansam,
1515 1189 1637 1260 propter

304 1299 394 1357 qnam
420 1282 579 1357 stipendiis
605 1282 716 1341 salaria
742 1282 961 1342 substituuntur
989 1291 1020 1341 et
1046 1282 1158 1360 caligae
1186 1283 1348 1359 opponitur
1372 1283 1522 1355 evocatio,
1554 1283 1635 1360 quod

304 1383 392 1441 civile
418 1383 548 1442 officium
580 1384 680 1460 potius
713 1383 856 1443 sustinuit
881 1402 970 1460 quam
1004 1393 1166 1444 castrense.
1215 1383 1263 1444 Ne
1293 1385 1324 1443 in
1356 1385 1490 1462 praemia
1514 1384 1637 1460 quidem

304 1493 511 1544 veteranorum
533 1495 658 1544 evocato
680 1485 806 1544 dimisso
828 1487 875 1544 ius
898 1485 991 1544 fuisse
1012 1486 1173 1544 verisimile
1195 1495 1251 1557 est,
1274 1505 1340 1545 cum
1362 1488 1392 1545 in
1414 1504 1515 1546 eorum
1535 1486 1635 1546 locum

304 1585 521 1663 quodammodo
544 1587 714 1646 succederet
735 1587 826 1646 officii
848 1588 1033 1664 perpetratio
1056 1607 1122 1646 cum
1139 1606 1193 1664 spe
1209 1588 1324 1648 ordinis
1339 1589 1508 1660 coniuncta;
1531 1606 1636 1664 quam·

304 1707 394 1764 quam
422 1689 485 1748 sine
508 1689 598 1748 dubio
626 1689 690 1748 sive
716 1689 782 1765 lege
808 1689 872 1747 aire
898 1690 997 1766 gratia
1023 1690 1159 1749 effectum
1187 1699 1245 1763 eet,
1275 1701 1308 1748 ut
1329 1699 1469 1749 evocatus
1491 1689 1636 1750 dimissus

304 1790 424 1867 aliquod
447 1791 569 1849 militiae
591 1791 753 1866 praemium
775 1799 805 1850 et
827 1791 905 1850 vitae
927 1791 1061 1868 reliquae
1083 1791 1283 1851 adiumentum
1306 1792 1443 1851 auferret.

346 1892 470 1951 Evocati
494 1910 559 1950 cum
582 1893 644 1952 sere
666 1912 706 1950 ex
727 1893 927 1968 praetorianis
943 1893 1132 1970 eligerentur,
1154 1895 1191 1952 iis
1214 1894 1340 1954 sublatis
1357 1894 1512 1970 antiquum
1536 1893 1634 1952 locum

304 1995 389 2052 inre
415 1993 538 2071 publica
563 1995 690 2052 retinere
717 2012 775 2052 non
802 2003 974 2071 potuerunt,
1005 2014 1101 2072 neque
1127 2005 1241 2065 tamen,
1270 2005 1304 2053 ut
1327 2004 1429 2054 censet
1452 1993 1635 2056 Schmidtius

304 2114 333 2171 p.
348 2095 418 2168 353,
440 2114 505 2154 cum
525 2095 563 2154 iis
577 2096 761 2169 interierunt,
785 2095 836 2154 sed
853 2105 1028 2155 manserunt
1043 2097 1242 2174 aliquatenus,
1263 2097 1332 2155 lecti
1348 2097 1460 2156 seilicet
1474 2115 1514 2156 ex
1528 2097 1636 2155 cohor-

305 2197 383 2255 tibus
410 2197 546 2270 urbanis,
579 2201 667 2257 etiam
695 2207 763 2274 post
789 2199 889 2256 urbem
913 2197 1039 2256 Romam
1065 2199 1174 2258 factam
1196 2197 1447 2274 Christianaml).
1502 2197 1636 2274 Negotia

305 2307 403 2358 tamen
426 2296 496 2356 olim
524 2318 577 2374 per
598 2317 650 2358 eos
672 2309 778 2359 curata
798 2309 905 2376 quarto
927 2300 1047 2360 saeculo
1069 2301 1108 2360 ad
1130 2300 1229 2361 officia
1250 2301 1439 2376 potissimum
1461 2299 1634 2378 praesidum

305 2411 335 2460 et
356 2401 462 2460 ducum
485 2401 632 2460 translata
654 2409 731 2460 sunt.

378 2964 555 3034 'xxxvn
598 2973 895 3036 10000000ον0
923 2974 969 3034 nv
996 2947 1283 3036 cerasiensi
1305 2974 1550 3036 rvovsrvu.

347 3184 542 3262 Novantiqua
567 3195 780 3263 componentur
806 3188 863 3246 hoc
888 3188 1131 3248 commentariolo
1158 3207 1218 3247 non
1244 3196 1304 3246 tam
1331 3188 1532 3246 illustratione
1558 3188 1637 3246 indi·

305 3287 406 3364 gentia
426 3306 514 3362 quam
536 3289 687 3361 iunctura;
710 3291 778 3366 ipsa
791 3291 868 3347 enim
891 3309 946 3366 pro
961 3290 1162 3348 illustratione
1176 3291 1241 3348 erit.
1275 3289 1419 3348 Tabellas
1434 3308 1545 3348 aeneae
1566 3307 1636 3364 pro·

306 3390 424 3448 dierunt
449 3389 540 3460 duae,
564 3391 660 3448 altera
686 3411 712 3448 a.
733 3391 811 3450 1659
838 3392 869 3450 10
894 3391 1054 3450 Lusitania
1079 3392 1118 3450 ad
1140 3391 1256 3468 Tagum
1284 3410 1399 3449 amnem
1425 3408 1518 3468 supra
1544 3390 1635 3450 Olisi-

305 3508 412 3566 ponem
439 3499 574 3550 extracta
601 3512 640 3551 ex
667 3493 824 3550 ruderibus
850 3493 952 3569 oppidi
982 3512 1051 3550 raro
1077 3493 1231 3551 memorati
1254 3492 1359 3563 Aritii,
1387 3491 1482 3548 altera
1507 3511 1535 3548 a.
1555 3493 1632 3551 1881

306 3592 379 3649 Ausi
402 3593 434 3649 10
456 3591 588 3666 Troade,
616 3593 686 3651 dum
709 3594 879 3653 Americani
901 3595 943 3652 ibi
964 3594 1089 3670 antiqua
1109 3593 1218 3651 rudera
1240 3593 1413 3668 explorant3
1440 3593 1493 3650 illa
1515 3592 1635 3666 Latina,

306 3694 381 3752 haec
403 3692 533 3766 Graeca3
560 3696 615 3754 illa
636 3695 793 3755 notissima
819 3703 849 3754 et
875 3713 966 3771 saepe
988 3695 1067 3753 edita
1092 3693 1142 3770 (O.
1159 3695 1198 3766 11,
1224 3694 1281 3753 172
1304 3694 1390 3770 cet),
1419 3693 1495 3753 haec
1523 3695 1635 3771 publici

306 3867 509 3876 ———-

366 3977 389 4038 ¹)
414 3978 446 4027 Id
475 3978 508 4046 ad
531 3980 693 4029 centuriones
716 3993 817 4044 quoque
842 3978 1004 4044 aliquatenus
1027 3979 1151 4043 pervenit.
1198 3977 1303 4030 Scilicet
1325 3992 1382 4026 enm
1407 3977 1556 4028 missionem
1579 3979 1635 4027 iure

306 4070 435 4134 postulent
453 4071 606 4136 quicumque
625 4085 672 4136 per
690 4079 786 4120 eertum
805 4086 931 4121 annorum
950 4085 1084 4120 numerum
1103 4071 1130 4119 in
1149 4069 1240 4119 ordine
1259 4069 1409 4131 militarunt,
1431 4070 1453 4118 is
1472 4084 1574 4134 quoqne
1592 4071 1636 4134 qni

306 4177 353 4227 per
371 4177 416 4212 eos
435 4177 517 4212 annos
535 4164 739 4213 centurionatum
759 4163 894 4213 adsecutus
913 4169 950 4212 est
969 4177 1026 4212 cum
1051 4162 1156 4226 reliquis
1182 4161 1278 4210 dimitti
1301 4166 1397 4224 potest,
1421 4175 1469 4210 nec
1492 4161 1586 4210 desunt
1608 4162 1636 4210 in

307 4255 457 4304 missionum
477 4255 637 4305 documentis
655 4269 721 4320 quae
739 4256 885 4319 pertineant
903 4255 935 4303 ad
955 4254 1117 4304 centuriones
1136 4253 1179 4314 (ef.
1194 4253 1223 4303 C.
1235 4253 1277 4302 111
1295 4269 1320 4316 p.
1335 4252 1397 4302 914.
1418 4252 1491 4314 915).
1524 4251 1578 4303 Sed
1591 4251 1636 4302 ubl

306 4346 431 4396 invitante
450 4347 566 4411 principe
585 4347 700 4396 centurio
713 4361 729 4395 a
742 4347 864 4396 missione
876 4345 1029 4406 abstinebat,
1049 4345 1077 4394 id
1090 4344 1159 4409 quod
1173 4359 1248 4408 saepe
1261 4344 1357 4394 iactum
1371 4357 1427 4393 esse
1438 4351 1554 4408 apparet,
1575 4359 1636 4394 con·

308 4438 376 4487 dicio
396 4439 487 4488 similis
505 4437 583 4488 flebat
602 4439 709 4499 evocati,
731 4439 882 4502 videturque
900 4438 992 4486 militia
1010 4439 1048 4486 ita
1066 4443 1183 4501 suscepta
1200 4437 1255 4485 inre
1274 4441 1397 4500 perpetua
1415 4436 1506 4497 fuisse,
1532 4443 1560 4484 ut
1584 4451 1637 4486 000

307 4530 449 4579 solveretur
472 4531 521 4580 nisi
546 4539 590 4580 aut
611 4531 774 4596 promotione
797 4537 841 4580 aut
865 4529 1001 4579 arbitraria
1023 4530 1153 4579 missione.
1200 4528 1268 4577 Hinc
1290 4528 1395 4576 omnino
1419 4527 1545 4591 originem
1569 4528 1637 4593 cepit

308 4636 400 4686 corpus
419 4622 482 4672 illud
502 4623 570 4688 quod
590 4637 669 4688 supra
686 4623 815 4686 tetigimus
834 4621 1031 4686 primipilarium
1050 4621 1194 4671 vacantium
1213 4621 1240 4668 in
1259 4619 1381 4669 comitatu
1400 4619 1563 4683 imperatoris
1576 4635 1636 4669 con-

307 4714 460 4764 stitutorum.
498 4715 626 4766 Nimirum
646 4715 762 4764 centurio
780 4715 806 4763 in
826 4713 913 4762 0111010
932 4727 1039 4763 manens
1058 4714 1180 4762 missione
1199 4712 1295 4761 omissa
1313 4726 1371 4761 cum
1390 4711 1466 4760 solito
1485 4711 1579 4760 ordine
1603 4711 1636 4760 sd

307 4807 492 4872 primipilatum
511 4809 682 4873 pervenisset,
708 4819 893 4871 saepenumero
912 4805 1013 4854 videtur
1032 4819 1114 4870 neque
1133 4819 1191 4854 eum
1209 4805 1294 4853 locum
1318 4801 1363 4852 diu
1386 4802 1530 4852 obtinuisse
1552 4817 1637 4868 nequa

308 4902 393 4950 statim
412 4907 544 4965 promotus
564 4915 628 4960 esse,
647 4900 693 4950 sed
713 4899 815 4948 interim
834 4898 860 4946 in
880 4897 1003 4946 comitatu
1021 4897 1144 4960 principis
1162 4883 1283 4945 retentus.

366 4989 390 5053 ²)
411 4991 471 5042 Duo
489 4993 610 5057 exempla
637 4992 700 5042 milri
728 4996 791 5040 nota
808 4990 921 5039 00100000·
943 5005 974 5038 ez
995 4995 1098 5039 euocato
1124 4989 1154 5038 O.
1171 4988 1225 5048 Vl,
1251 4987 1323 5038 34³0
1351 4991 1377 5036 et
1400 4987 1514 5036 cemani
1538 4986 1638 5037 morati

309 5082 397 5148 (snpra
415 5100 441 5147 p.
458 5084 508 5134 145
529 5101 554 5134 0.
570 5083 596 5144 7)
617 5084 707 5134 aetatis
727 5082 830 5132 intimae
849 5088 908 5131 sont
926 5089 952 5130 et
970 5082 1122 5131 anctoritate
1140 5079 1270 5130 destituta.

367 5172 391 5237 ¹)
412 5175 441 5226 (l.
456 5177 502 5238 VI,
525 5177 604 5225 2870.
