3518 5828
667 885 817 943 XXXVI.
861 883 1051 944 EVOCATI
1077 884 1273 946 AVGVSTI.

349 1040 396 1098 De
418 1041 639 1116 protectoribus
663 1041 712 1116 qui
735 1041 881 1118 disputat,
908 1042 1089 1117 cogitatione
1112 1060 1233 1100 necesse
1258 1053 1304 1100 est
1331 1051 1476 1120 perpetuo
1504 1051 1639 1100 recurrat

307 1143 346 1199 ad
368 1150 523 1213 evocatos3
550 1151 732 1217 protectores
755 1144 833 1200 enim
856 1153 885 1200 et
906 1144 1021 1202 evocati
1044 1143 1099 1202 etsi
1122 1144 1205 1202 nullo
1228 1144 1317 1201 modo
1344 1163 1376 1202 re
1398 1145 1549 1202 coniuncti
1571 1153 1639 1203 sunt

308 1263 362 1302 nec
384 1246 481 1302 minus
508 1243 619 1302 diversi
646 1261 737 1320 quam
760 1245 915 1321 Augustus
942 1245 1099 1304 dissimilis
1121 1243 1326 1318 Constantini,
1353 1246 1448 1304 nihilo
1475 1247 1582 1304 minua
1602 1265 1638 1303 eo

308 1347 427 1404 nomine
452 1353 532 1402 recte
560 1347 825 1420 comparabuntur,
852 1345 933 1422 quod
955 1348 1073 1422 utrique
1102 1347 1191 1404 medii
1214 1354 1284 1404 sunt
1304 1347 1381 1405 inter
1407 1349 1544 1406 militiam
1571 1365 1638 1423 gre-

308 1448 405 1522 galem
439 1455 468 1504 et
495 1447 633 1505 ducatum
668 1455 698 1504 et
729 1448 771 1504 ita
803 1447 906 1518 medii,
940 1456 973 1505 ut
1004 1457 1064 1506 tam
1091 1449 1205 1506 evocati
1236 1467 1326 1523 quam
1359 1456 1545 1524 protectores
1579 1467 1637 1506 non

309 1558 369 1606 tam
401 1560 484 1606 certa
516 1567 638 1606 munera
670 1550 797 1607 subeant
828 1567 916 1624 qnam
950 1551 1034 1608 iussa
1065 1550 1209 1627 principis
1242 1568 1446 1626 quaecumque
1481 1561 1552 1610 aunt
1584 1568 1638 1627 pro

308 1669 340 1707 re
368 1657 562 1725 exequantur.
607 1649 655 1706 Ita
682 1668 740 1706 non
767 1650 866 1726 inepte
891 1650 937 1707 illi
964 1651 1208 1710 commentariolo
1235 1652 1463 1710 observationes
1490 1651 1639 1727 quaedam

309 1752 504 1827 adiungentur
526 1751 563 1808 de
585 1751 717 1809 euocatis
740 1751 879 1827 Augusti.
924 1749 983 1810 Sed
1005 1771 1070 1810 cum
1098 1752 1133 1810 de
1160 1753 1377 1827 protectoribus
1403 1761 1475 1830 post
1496 1752 1639 1810 Iacobum

310 1851 529 1912 Gothofredum
556 1871 642 1910 nemo
668 1853 770 1929 paullo
793 1852 963 1930 diligentius
986 1853 1171 1932 disseruerit,
1201 1855 1237 1912 de
1259 1855 1391 1912 evocatis
1417 1862 1515 1912 autem
1544 1873 1640 1930 nuper

310 1955 380 2013 data
401 1972 492 2029 opera
513 1955 544 2012 in
567 1953 753 2030 ephemeride
768 1953 883 2012 Herma
905 1955 963 2012 vol.
981 1955 1018 2012 14
1041 1953 1152 2030 (1879)
1175 1974 1203 2030 p.
1221 1955 1278 2013 321
1297 1973 1359 2031 seq.
1376 1955 1471 2034 egerit
1488 1955 1639 2013 Iohannes
1738 1955 1741 1960 ’

311 2055 446 2118 Schmidt
467 2064 577 2125 noster,
599 2057 677 2113 hunc
692 2057 791 2114 locum
807 2055 928 2114 diversa
942 2057 1058 2128 ratione
1074 2057 1278 2115 tractabimus.
1313 2057 1345 2115 la
1360 2057 1436 2113 enim
1452 2075 1518 2116 cum
1541 2057 1639 2131 plera·

310 2176 367 2232 que
389 2157 482 2232 perite
504 2165 534 2214 et
555 2157 712 2232 diligenter
733 2157 912 2233 explanarit,
935 2158 1010 2215 satis
1032 2157 1149 2216 habebo
1170 2177 1328 2233 exponere,
1352 2159 1378 2216 ai
1400 2157 1471 2233 quid
1494 2158 1566 2216 mihi
1588 2158 1639 2216 de-

311 2259 398 2317 ficere
413 2259 510 2315 visum
530 2267 578 2315 est
593 2258 639 2314 vel
661 2259 745 2316 aliter
767 2275 800 2315 se
822 2258 941 2328 habere,
962 2259 993 2314 in
1015 2259 1164 2334 plerisque
1186 2260 1225 2316 ad
1247 2279 1314 2317 eum
1336 2260 1499 2317 remittens.
1534 2257 1639 2316 Later·

310 2359 408 2418 culum
434 2367 622 2418 evocatorum
647 2357 829 2418 Schmidtius
857 2379 915 2417 non
942 2359 1063 2430 adiecit,
1093 2361 1147 2418 sed
1171 2379 1247 2436 quae
1276 2361 1445 2435 composuit
1470 2359 1638 2436 adsumptis

311 2463 349 2520 iis
371 2480 447 2537 quae
470 2459 642 2538 singillatim
665 2461 744 2518 infra
765 2460 985 2520 adnotabuntur
1006 2480 1061 2537 pro
1083 2481 1115 2520 re
1137 2462 1271 2521 sulficere
1292 2462 1439 2520 videntur.

353 2562 554 2620 Evocatorum
576 2563 710 2620 condicio
732 2581 807 2638 quae
828 2562 885 2620 fuit
906 2569 976 2620 ante
991 2565 1160 2638 Augustum
1183 2582 1249 2620 cum
1272 2563 1365 2621 titulis
1388 2581 1494 2638 parum
1511 2562 1638 2620 illustre·

313 2665 414 2740 tur¹),
441 2672 504 2721 tota
530 2663 683 2739 praeteriri
709 2682 768 2722 non
796 2671 910 2738 potest,
936 2665 1077 2740 quoniam
1104 2665 1131 2723 si
1157 2665 1230 2741 quid
1251 2665 1339 2723 video
1362 2662 1547 2724 Schmidtius
1574 2681 1638 2720 eam

313 2785 372 2824 non
397 2775 477 2824 recte
499 2764 633 2824 definivit
657 2774 687 2822 ct
712 2764 754 2822 ita
774 2765 902 2822 instituti
924 2765 1116 2824 fundamenta
1137 2767 1287 2841 pervertit.
1331 2764 1480 2826 Nimirum
1507 2765 1566 2822 tria
1591 2783 1640 2840 ge·

314 2885 385 2924 nera
407 2867 527 2924 militiae
541 2885 617 2942 quae
633 2865 744 2940 antiqui
760 2875 895 2924 auctores
917 2865 1010 2924 fuisse
1025 2867 1155 2947 tradunt,
1177 2875 1394 2926 sacramentum
1410 2866 1555 2928 tumultus
1571 2883 1640 2924 evo-

313 2969 391 3028 catio
401 2966 431 3044 ²)
453 2968 562 3027 rectius
583 2968 753 3044 redigentur
774 2968 813 3026 ad
835 2969 912 3040 duo,
938 2968 1074 3026 militiam
1096 2969 1210 3028 scilicet
1230 2969 1391 3045 legitimam
1413 2970 1497 3028 iussu
1518 2967 1640 3044 publico

313 3078 481 3147 susceptam
514 3083 545 3126 et
576 3077 745 3145 susceptam
780 3077 886 3144 sponte
919 3070 984 3128 eius
1017 3071 1069 3145 qui
1102 3070 1218 3128 militat.
1267 3069 1412 3146 Legitima
1439 3071 1477 3129 ad
1504 3069 1641 3127 militiam

313 3172 394 3230 cives
416 3178 561 3230 vocantur
582 3181 634 3229 aut
654 3171 778 3244 dilectu,
806 3188 868 3245 quo
895 3179 1080 3228 sacramento
1106 3165 1306 3248 rogantur³),
1333 3180 1385 3230 aut
1410 3171 1556 3241 tumultu,
1582 3185 1641 3244 quo

313 3273 479 3331 coniuratio
501 3273 548 3343 fit;
571 3272 710 3331 differunt
731 3280 829 3330 autem
851 3273 910 3331 duo
932 3289 1108 3348 generaco,
1131 3273 1213 3347 quod
1233 3273 1320 3332 miles
1339 3274 1437 3332 factus
1452 3278 1642 3330 sacramento

373 3431 396 3494 ¹)
415 3434 519 3496 Spectat
538 3431 573 3480 ad
591 3445 635 3480 eoa
654 3445 688 3480 ex
707 3431 787 3480 titulis
806 3445 870 3494 quoa
886 3429 1019 3491 habemus,
1038 3437 1140 3494 praeter
1152 3437 1241 3480 notum
1255 3430 1415 3496 Campanum
1427 3431 1464 3490 X,
1478 3429 1550 3480 3886
1563 3429 1642 3493 legio·

314 3526 380 3576 narii
400 3524 549 3576 Caesariani
569 3521 685 3588 lep(ione)
704 3518 759 3572 VII
776 3522 884 3584 euocati,
905 3523 1091 3572 Minturnensis
1110 3523 1149 3584 X,
1170 3523 1253 3572 6011:
1279 3519 1310 3580 Q.
1324 3520 1471 3572 Ancharius
1492 3518 1520 3572 0.
1537 3520 1563 3584 f.
1585 3519 1642 3570 Pol.

313 3614 529 3678 Narbone(n)a(ia)
549 3631 621 3682 eques
639 3621 757 3664 euocatus
775 3630 864 3664 aanor.
884 3621 936 3663 nat.
950 3610 1054 3662 XXIII
1070 3612 1114 3662 cla
1132 3610 1257 3676 Scaeuae,
1280 3614 1351 3663 nullo
1371 3613 1449 3664 modo
1474 3614 1497 3662 ia
1515 3611 1643 3676 aptandus

314 3710 349 3759 ad
368 3715 488 3758 euocatos
506 3709 635 3757 institutos
655 3707 686 3755 ab
707 3709 839 3770 Augusto,
865 3706 1036 3756 Caesarianus
1055 3705 1128 3754 milas
1147 3706 1256 3756 tortasse
1280 3707 1378 3770 etipse
1403 3705 1445 3766 (ci.
1466 3705 1491 3754 h.
1506 3703 1539 3754 G.
1554 3703 1579 3764 3,
1594 3704 1642 3751 20:

314 3801 398 3850 multae
416 3791 480 3850 airis
491 3797 607 3865 sortibus
629 3796 653 3847 T
651 3797 723 3848 alosa
742 3804 766 3846 et
783 3795 905 3846 Narbone
923 3798 1067 3846 nominatim
1085 3797 1213 3858 evocans),
1235 3804 1263 3846 ut
1277 3797 1376 3849 Scaeva
1395 3810 1505 3861 quoque,
1525 3794 1573 3844 sub
1592 3807 1643 3858 quo

315 3893 445 3958 praesecto
469 3893 576 3953 meruit,
603 3891 712 3940 sortasse
737 3895 776 3938 est
799 3889 836 3939 Μ.
856 3889 961 3940 Caesius
985 3889 1084 3941 Scaeva
1107 3895 1185 3938 notae
1209 3888 1367 3938 fortitudinis
1392 3888 1507 3938 centurio
1537 3885 1645 3946 (Caesar

237 3965 238 3968 Ἴ
314 3986 340 4034 b.
354 3985 415 4046 c.·3,
437 3984 484 4046 53;
505 3984 624 4034 Valerius
638 3982 769 4032 Maximus
789 3981 814 4042 3,
836 3983 861 4042 2,
882 3983 918 4030 24
931 3978 990 4041 cet.)
1010 3987 1036 4029 et
1054 3987 1191 4044 propterea
1210 3981 1309 4044 magnis
1329 3979 1404 4030 donis
1425 3980 1535 4029 donatus
1559 3977 1644 4038 (Caes.

315 4077 333 4125 l.
347 4093 382 4138 c.;
408 4075 499 4126 Cicero
519 4075 553 4125 ad
572 4077 628 4125 Aa.
644 4075 690 4134 14,
714 4071 768 4133 10),
788 4073 897 4122 fortasse
916 4073 992 4122 etiam
1012 4087 1077 4136 equo
1097 4072 1200 4135 publico
1221 4079 1246 4120 et
1264 4072 1424 4136 praefectura
1443 4071 1507 4120 alae.
1532 4093 1566 4104 -
1592 4065 1646 4116 ala

316 4175 401 4218 autem
420 4169 447 4218 in
466 4167 516 4216 hoc
535 4167 610 4216 titrrlo
629 4165 657 4214 id
680 4163 821 4228 significat,
841 4164 912 4228 quod
930 4164 1025 4214 deinde
1044 4163 1189 4228 significare
1208 4163 1286 4226 solet,
1306 4177 1389 4228 neque
1407 4161 1532 4212 habemus
1552 4159 1646 4224 opinor

316 4261 371 4309 eins
390 4275 451 4310 usus
471 4265 560 4308 testem
579 4257 629 4306 hoc
648 4255 723 4304 titulo
742 4256 922 4319 antiquiorem.

374 4347 399 4412 ²)
419 4351 537 4400 Tradunt
556 4349 620 4398 haec
638 4353 852 4397 commentatores
865 4347 1008 4411 Vergiliani
1027 4347 1061 4396 ad
1080 4348 1147 4397 Aen.
1162 4349 1187 4409 2,
1211 4348 1271 4396 157.
1286 4347 1311 4408 7,
1326 4346 1380 4396 614
1400 4352 1425 4394 et
1443 4342 1595 4394 Terentiani
1613 4340 1646 4390 ad

316 4444 383 4493 Eun.
398 4443 424 4502 4,
446 4443 470 4502 7,
492 4443 507 4490 2
528 4447 554 4489 at
571 4439 688 4490 Isidorus
707 4440 772 4503 orig.
787 4439 815 4498 9,
838 4439 862 4499 3,
883 4438 1004 4500 53-55,
1025 4438 1067 4488 hic
1087 4439 1140 4488 illic
1160 4447 1287 4500 errantes,
1308 4437 1352 4488 aed
1372 4438 1398 4486 in
1419 4449 1520 4486 summa
1539 4449 1567 4484 re
1586 4447 1647 4498 pen·

317 4534 406 4582 dentes
426 4547 459 4581 ex
478 4531 605 4581 tralaticia
624 4531 751 4580 divisione
770 4531 882 4595 optimae
902 4531 1070 4580 auctoritatis.

374 4622 398 4686 ³)
418 4623 532 4673 Dilectui
550 4629 636 4672 utrum
655 4629 746 4687 sponte
765 4637 792 4672 sc
811 4621 921 4672 offerant
939 4621 1033 4670 milites
1057 4636 1090 4672 an
1115 4629 1232 4672 mereant
1255 4621 1350 4684 coacti,
1377 4619 1485 4686 perinde
1510 4625 1562 4680 eat3
1588 4630 1647 4666 nam

316 4716 436 4766 iubentur
455 4716 565 4766 militare
584 4715 623 4764 illi
643 4729 743 4780 quoque
762 4721 974 4779 sacramentoque
992 4719 1114 4778 rogantur
1132 4720 1184 4763 tam
1204 4714 1271 4763 ultro
1285 4713 1379 4762 milites
1391 4712 1453 4761 lacti
1467 4723 1545 4774 quam
1559 4708 1648 4758 coacti.

316 4807 407 4873 Itaque
428 4807 564 4857 voluntarii
585 4807 628 4871 qui
653 4807 772 4855 dicuntur
794 4807 865 4856 nullo
890 4807 968 4855 modo
993 4804 1168 4854 confundendi
1192 4811 1252 4854 sunt
1275 4820 1332 4854 cum
1355 4803 1482 4864 evocatis3
1511 4803 1592 4850 immo
1617 4812 1648 4847 ex

318 4901 411 4950 dilectu
431 4900 480 4948 hoc
499 4913 576 4948 sensu
596 4899 700 4948 veniunt
719 4898 871 4963 quicumque
890 4905 990 4946 merent
1008 4899 1034 4946 in
1054 4897 1155 4962 legione
1174 4897 1258 4946 aliove
1277 4911 1385 4961 corpore
1404 4894 1511 4944 militari
1535 4893 1592 4940 inre
1611 4903 1648 4940 re·

318 4998 400 5056 cepto.
426 5019 459 5028 —
491 4990 582 5042 Utrum
602 4989 701 5040 Romae
720 4990 828 5038 dilectus
847 4989 892 5038 liat
910 5003 943 5038 an
962 4989 1114 5053 regionatim
1134 5003 1180 5053 per
1199 4989 1399 5052 conquisitores,
1424 4986 1458 5036 ad
1484 4987 1525 5034 ius
1544 4982 1649 5033 militiae

318 5083 383 5132 nihil
402 5082 476 5146 iacit,
496 5097 545 5134 nec
564 5089 632 5133 recte
651 5081 810 5134 Schmidtius
829 5081 1005 5131 evocationem
1024 5080 1122 5130 rettulit
1140 5081 1174 5130 ad
1195 5079 1317 5130 dilectum
1337 5093 1382 5145 per
1403 5076 1593 5142 conquisitores
1612 5075 1649 5122 iu·

319 5175 443 5225 stitutum.
