3534 5834
263 541 268 552 ’
306 547 377 620 262
712 567 896 636 uoltusuu
924 567 1230 620 svrrnuuuurvu.

346 741 382 800 ln
404 743 520 801 anticae
543 760 569 800 v.
591 742 609 800 8
637 742 765 800 traditur
786 755 912 800 ovtnvs.
936 773 974 785 -
997 741 1023 814 I,
1040 740 1078 799 26
1101 759 1281 818 quamquam
1302 741 1506 802 Harerdeldio
1533 743 1633 820 magis

303 845 400 903 visum
424 853 470 903 est
491 859 550 903 tot
572 860 639 902 esse
666 861 755 918 quam
778 858 835 901 sou
857 843 904 902 vel
928 858 987 902 cot
1012 843 1109 920 prima
1130 843 1231 901 littera
1253 853 1407 919 corrupta,
1434 843 1633 904 nihilominus

303 945 379 1004 illud
400 945 498 1021 posui.
521 978 561 987 —
583 943 656 1016 Il,2
679 953 730 1003 aut
751 959 891 1003 rvrrsrcvs
913 953 966 1002 aut
988 959 1149 1003 uvcrenvs.

346 1046 496 1106 Deficiunt
522 1046 653 1105 cohortis
680 1047 793 1122 primae
820 1047 915 1122 prima
940 1045 1060 1104 nomina
1086 1046 1255 1124 perscripta
1282 1046 1347 1104 sine
1368 1045 1458 1105 dubio
1479 1048 1510 1106 in
1532 1048 1634 1108 antica

302 1149 372 1221 ima,
394 1148 463 1206 item
487 1166 563 1224 qnae
585 1152 661 1205 iuter
683 1147 778 1206 latera
799 1147 858 1205 duo
876 1149 1040 1224 intercepta
1054 1157 1124 1206 sunt
1138 1154 1272 1207 extrema
1286 1148 1417 1207 cohortis
1428 1148 1477 1208 111
1492 1159 1522 1208 et
1534 1150 1634 1228 prima

301 1250 355 1322 1v‚
378 1250 503 1326 denique
518 1251 549 1306 iu
564 1250 623 1308 line
638 1257 771 1307 extrema
784 1250 917 1308 cohortis
929 1249 991 1306 Vll
1006 1259 1036 1308 et
1050 1251 1150 1308 omnia
1165 1250 1255 1308 trium
1270 1258 1495 1326 postremarum.
1519 1249 1632 1328 Super·

303 1361 372 1410 sunt
394 1351 504 1410 milites
519 1349 635 1422 XLVI,
656 1369 781 1427 quorum
797 1349 873 1409 XLI
895 1350 1089 1426 (computatis
1108 1352 1278 1418 nominibus
1290 1351 1321 1410 X
1336 1352 1425 1411 hodie
1441 1352 1631 1429 semiplenis)

300 1453 395 1511 tribus
416 1453 589 1529 patriasque
611 1453 777 1529 adscriptas
799 1452 909 1510 habent
923 1453 1138 1523 habueruntve,
1161 1453 1191 1510 iu
1207 1453 1324 1511 duobus
1341 1451 1381 1528 (Ι,
1398 1451 1446 1512 24.
1462 1453 1503 1527 ΙΙ,
1520 1453 1553 1529 5)
1576 1454 1632 1511 tri·

301 1555 356 1613 bus
379 1553 490 1625 deficit,
518 1554 616 1630 patria
637 1554 667 1610 in
690 1554 785 1612 tribus
808 1553 865 1628 (ΙΙ,
881 1553 930 1612 24.
948 1553 996 1614 25.
1012 1552 1076 1628 27).
1120 1553 1211 1612 Pater
1232 1555 1361 1613 omissus
1384 1563 1428 1613 est
1449 1559 1550 1614 sexies
1573 1554 1632 1629 (II,

304 1654 350 1712 10.
371 1656 416 1713 13.
433 1655 480 1713 23.
498 1653 547 1711 24.
566 1653 613 1714 25.
630 1655 700 1729 29);
734 1655 784 1714 ubi
810 1655 980 1731 adscriptus
1007 1663 1065 1729 est,
1092 1665 1237 1731 quatenus
1264 1673 1445 1732 praenomen
1473 1665 1634 1732 utrumque

302 1765 445 1831 superest,
468 1763 623 1833 paternum
645 1764 675 1814 et
697 1755 750 1814 filii
772 1757 849 1814 idem
871 1765 927 1814 cst.

342 1856 507 1917 Numerum
523 1866 730 1916 veteranorum
745 1857 873 1935 legionis
886 1857 914 1915 Il
930 1857 1079 1916 Traianae
1095 1859 1251 1917 missorum
1274 1879 1300 1916 a.
1317 1859 1374 1918 194
1397 1866 1633 1919 cousentaneum

301 1967 348 2017 est
368 1959 521 2034 aliquanto
544 1961 687 2017 minorem
710 1975 890 2034 essequam
916 1968 1066 2036 repertum
1094 1960 1125 2017 in
1151 1959 1241 2018 simili
1268 1961 1412 2019 laterculo
1435 1960 1633 2018 Troesmensi

301 2059 428 2119 C.1.L.
450 2059 516 2132 ΙΙΙ,
545 2059 625 2118 6178
653 2061 723 2117 anni
750 2079 774 2118 o.
793 2059 864 2132 1343
897 2079 965 2118 nam
988 2059 1133 2118 Hadriani
1162 2068 1258 2120 aetate
1281 2063 1384 2121 missio
1411 2061 1449 2120 ad
1475 2062 1632 2121 biennium

299 2161 520 2238 porrigebatur,
548 2159 650 2220 Severi
677 2180 776 2220 annua
801 2160 879 2220 lacta
901 2170 974 2220 erat.
1023 2161 1185 2220 Praeterea
1211 2163 1299 2222 bellis
1326 2163 1419 2239 gestis
1447 2162 1630 2238 peralta

300 2264 340 2321 ad
361 2281 388 2321 a.
404 2262 461 2322 194
487 2271 517 2320 et
537 2263 585 2320 lue
606 2263 767 2321 eorundem
789 2281 934 2320 annorum
961 2263 1049 2321 huius
1079 2281 1197 2340 quoque
1222 2263 1348 2342 legionis
1376 2263 1484 2323 milites
1512 2263 1632 2340 aliquot

300 2365 474 2440 absumptos
495 2381 563 2422 esse
585 2364 747 2423 verisimile
768 2373 823 2423 est.

341 2465 389 2525 De
410 2465 516 2542 patriis
537 2484 614 2542 quae
636 2483 727 2541 supra
748 2485 777 2542 p.
795 2464 853 2523 206
877 2465 1059 2537 dictasunt,
1088 2484 1148 2524 non
1174 2473 1220 2524 est
1245 2467 1326 2543 quod
1353 2475 1495 2546 repetam.
1539 2465 1632 2527 Ordi-

299 2569 448 2626 nationem
471 2567 513 2625 rei
536 2567 671 2626 militaris
693 2567 855 2626 laterculus
870 2567 989 2644 egregie
1010 2567 1184 2639 illustraret,
1206 2569 1231 2626 si
1253 2569 1399 2646 integrum
1415 2588 1482 2627 eum
1504 2569 1630 2628 habere-

300 2653 378 2740 mus3
405 2687 473 2726 narn
497 2668 534 2727 de
555 2687 677 2726 numero
700 2669 899 2727 centuriarum
921 2669 1035 2746 primae
1057 2669 1189 2728 cohortis
1217 2671 1281 2728 sine
1303 2670 1394 2730 dubio
1416 2671 1485 2729 inde
1512 2670 1631 2746 aliquid

299 2771 515 2830 didicissemus.
564 2771 605 2842 At
631 2789 667 2828 ea
693 2759 756 2827 toto
781 2770 843 2828 fere
870 2771 958 2846 periit
985 2789 1121 2847 quaeque
1146 2772 1279 2848 integrae
1308 2783 1470 2850 supersunt
1496 2773 1632 2830 secunda

299 2891 365 2930 cum
388 2871 528 2929 centuriis
551 2888 614 2942 sex,
637 2872 742 2946 quinta
763 2889 828 2929 cum
844 2872 986 2946 quinque,
1009 2881 1095 2931 sexta
1109 2891 1176 2930 cum
1191 2873 1296 2945 tribus,
1318 2874 1355 2932 iis
1370 2891 1429 2931 non
1445 2873 1630 2950 proficimus.

298 2973 497 3048 Principales,
526 2989 650 3048 quorum
679 2971 808 3030 officium
836 2983 953 3048 praeter
978 2974 1218 3032 cousuetudinem
1248 2993 1354 3032 nomen
1381 2993 1438 3032 non
1466 2975 1630 3048 antecedit,

298 3075 351 3133 sed
374 3075 517 3149 sequitur,
539 3073 729 3131 inveniuntur
751 3091 816 3144 sex,
838 3076 1030 3151 beneficiamus
1049 3076 1188 3150 praesceti
1208 3075 1302 3146 1,14;
1325 3080 1400 3152 optio
1419 3075 1444 3147 Ι,
1461 3076 1513 3146 29;
1536 3080 1631 3152 siqni-

291 3177 352 3250 sert'
371 3175 429 3234 duo
452 3175 477 3247 l,
495 3173 542 3234 12.
560 3173 612 3246 243
636 3178 802 3234 tesserariae
824 3174 848 3246 I,
865 3173 918 3248 273
941 3176 1049 3235 tubicen
1072 3177 1096 3249 1,
1113 3177 1141 3249 7,
1164 3177 1226 3234 noti
1249 3194 1351 3236 omues
1373 3187 1403 3235 et
1424 3177 1575 3255 vulgares.
1684 3191 1690 3200 ·

1417 3361 1476 3420 Tu.
1499 3361 1542 3421 M.

724 5221 826 5271 Formis
845 5220 1008 5272 Academicis
1027 5220 1070 5283 (G.
1085 5219 1184 5288 Vogt).
