3450 5842
60 597 127 646 1422
508 593 734 647 avounmvn.
789 594 946 647 aculus.
1324 574 1393 648 601

103 767 224 827 Titulus
247 767 370 827 artificis
392 785 458 826 cum
482 768 524 827 ita
546 777 688 828 exaratus
716 769 770 841 sit,
799 777 831 828 ut
857 767 1005 828 secundus
1030 785 1137 828 versus
1164 769 1311 845 utrimque
1338 789 1397 828 una

57 869 159 928 littera
180 870 300 928 brevior
322 871 361 928 sit
382 889 471 946 quam
487 870 578 946 prior,
601 872 627 930 si
642 869 754 928 Latina
772 871 862 930 simili
879 871 1088 947 aequabilitate
1105 871 1253 947 disposita
1266 871 1396 942 luerunt,

58 972 93 1030 in
115 972 260 1048 principio
282 990 389 1031 versus
418 972 526 1048 prioris
556 972 765 1031 desiderantur
792 973 910 1032 litterae
939 993 965 1031 c.
982 971 1036 1045 22,
1071 973 1207 1032 nimirum
1235 990 1290 1032 sex
1319 991 1395 1049 quae

58 1075 282 1150 respondebant
309 1074 471 1150 deperditis
494 1090 617 1147 vinwr,
651 1075 779 1134 sedecim
808 1085 907 1135 autem
935 1076 1063 1153 scriptae
1090 1093 1180 1151 super
1206 1076 1337 1152 spatium
1365 1077 1395 1132 in

59 1176 191 1235 secundo
214 1194 302 1236 versu
324 1186 393 1254 post
415 1191 497 1235 aueo
521 1195 645 1236 vacuum
668 1178 814 1236 relictum.
851 1174 912 1238 Sed
927 1185 1027 1253 potest
1041 1177 1111 1234 item
1128 1194 1231 1236 versus
1247 1178 1395 1236 secundus

58 1279 173 1356 pariter
194 1288 284 1355 etque
305 1281 420 1356 primus
444 1297 461 1336 a
484 1280 618 1354 margine
639 1280 806 1356 incepisse3
830 1299 936 1357 parum
958 1279 1049 1356 igitur
1072 1286 1190 1338 constat
1211 1279 1248 1337 de
1270 1299 1394 1338 numero

57 1381 224 1440 litterarum
248 1381 478 1456 deperditarum.
522 1380 626 1440 Prima
646 1381 747 1439 littera
769 1400 787 1439 a
809 1380 973 1440 Reinachio
995 1382 1027 1440 in
1050 1401 1081 1440 re
1103 1382 1254 1460 praesenti
1278 1382 1321 1440 sic
1343 1402 1394 1440 ex·

57 1491 147 1559 cepta
168 1499 268 1554 rvra,
291 1502 357 1541 cum
381 1484 410 1540 in
433 1490 539 1560 ectypo
562 1490 700 1542 cernatur
715 1461 834 1555 svn,
858 1491 957 1560 potest
977 1482 1073 1542 fuisse
1096 1501 1104 1541 ι
1127 1484 1175 1542 vel
1197 1501 1228 1542 τ.

103 1585 333 1660 Inscriptionem
360 1585 449 1661 plane
477 1585 659 1664 singularem
689 1585 733 1644 sic
759 1586 865 1662 opinor
891 1586 1152 1662 redintegrandam
1179 1603 1246 1644 esse
1275 1588 1393 1645 nomine

58 1687 177 1746 scilicet
198 1687 328 1764 exempli
350 1705 442 1746 cause
463 1688 577 1762 posito:
601 1687 649 1763 [C.
667 1687 796 1746 Marium
815 1686 846 1746 0.
862 1690 890 1762 s.
915 1688 1049 1764 legebam
1062 1687 1264 1746 Alexandreae
1281 1687 1394 1747 Italicea'

57 1793 126 1865 quei
145 1791 230 1863 suere
254 1789 328 1864 [casm
356 1808 385 1846 eo
411 1791 450 1847 tta·
475 1789 602 1864 uirtut]ie
630 1790 806 1865 haereticique·
823 1809 899 1865 erpo.
954 1781 1053 1867 [Γάιον
1080 1780 1186 1872 Μάριον
1213 1781 1299 1847 Γαίου
1328 1812 1393 1871 πρι-

57 1883 206 1969 σβιυ]τῆν
229 1891 252 1950 ai
274 1890 301 1949 ἕν
314 1883 520 1973 Ἀλεξανδρείᾳ
543 1884 610 1968 [adu
633 1885 713 1968 αὐτῷ
734 1882 876 1969 γενόμενοι
893 1881 1030 1968 laetifici
1051 1885 1152 1972 ἀρετῆς
1166 1881 1214 1948 urei
1229 1883 1395 1973 nisp‘pssr'us

59 1981 195 2072 [ἕνεκεν]
233 1995 433 2054 Accusativus
456 2012 511 2070 pro
534 1992 633 2051 dativo
648 1992 766 2051 Latinis
789 1993 880 2052 solito
903 2013 962 2052 uon
979 1993 1105 2052 offendit
1118 1993 1149 2050 iu
1165 1993 1252 2051 titulo
1268 1995 1394 2070 bilingui

57 2093 198 2153 dedicato
221 2100 251 2154 iu
276 2095 419 2168 Graecia3
453 2096 591 2155 similiter
618 2095 648 2152 in
672 2095 788 2172 Argivo
811 2093 845 2154 Ο.
860 2095 922 2167 ΠΙ,
946 2095 1005 2155 532
1034 2095 1169 2154 dedicato
1198 2113 1224 2154 a.
1244 2117 1270 2154 u.
1287 2115 1311 2154 c.
1333 2097 1392 2155 687

55 2197 202 2273 legimus:
231 2199 264 2269 Q.
287 2199 453 2257 illuarcr'um
480 2199 513 2269 Q.
537 2197 575 2274 [s.
599 2197 714 2274 Reqem]
737 2197 851 2256 Italicei
871 2200 937 2274 quei
956 2195 1151 2272 nepotiau[tar
1173 2196 1300 2274 Arpee'e],
1323 2199 1394 2257 item

56 2289 175 2356 Krirvrav
195 2290 356 2380 Mace'purc[v
377 2290 509 2378 Kcierev
533 2293 592 2356 vide
611 2296 706 2376 Ῥῆγα
725 2290 895 2376 Ἰταλ[ικοι’]
919 2308 973 2358 cet.
998 2330 1040 2341 —
1063 2299 1110 2356 Ad
1135 2299 1258 2374 lepalum
1279 2309 1308 2359 et
1329 2323 1393 2382 πρε·

57 2391 190 2471 σβευτῆν
211 2421 277 2460 cum
294 2402 422 2478 vestigia
438 2402 548 2460 ducunt
569 2411 630 2460 tum
654 2401 757 2458 titulus
773 2401 848 2458 alter
859 2400 1004 2459 Deliacos
1020 2399 1068 2477 (Ο.
1082 2401 1106 2458 Ι.
1121 2398 1175 2459 Gr.
1190 2399 1307 2477 2285b)
1327 2421 1392 2462 cum

56 2504 118 2561 hoc
139 2523 174 2562 eo
197 2515 275 2562 certe
297 2505 417 2563 nominc
439 2505 625 2574 coniunctus,
649 2503 728 2580 quod
747 2503 911 2561 statuarius
926 2502 1004 2561 idem
1020 2503 1207 2580 subscriptus
1224 2513 1284 2562 est:
1307 2497 1393 2562 Γάιον

55 2599 203 2675 Βιλλιῃνόν
228 2597 314 2663 Palea
343 2599 401 2664 dedu
429 2596 612 2689 πρεσβευτὴν
638 2601 767 2672 Ῥωμαῖοι
797 2603 820 2661 ei
849 2602 876 2661 ἒν
905 2595 988 2679 Δήλῳ
1016 2594 1198 2687 ἓργαζᾶμινοι
1227 2597 1393 2689 stirp-ysaias

55 2696 150 2765 ἕνεκεν
171 2709 221 2778 τῆς
242 2707 280 2769 εἷς
304 2701 420 2770 {auraria
443 2697 600 2778 ἀνέθηκαν.
644 2697 782 2782 Αγασῖας
794 2699 958 2782 Μηνοφίλου
978 2696 1111 2784 Ἐφέσιος
1133 2698 1227 2774 incias,
1245 2698 1394 2789 'Apis-rar-

56 2803 125 2891 δρος
147 2799 250 2872 Σκᾶπα
268 2800 372 2890 llrr'pmr
394 2799 635 2886 ἐπεσκεύασενῑ).
660 2843 695 2852 -
722 2807 807 2883 Quae
830 2816 994 2885 sequuntur
1016 2808 1107 2868 verba
1128 2809 1248 2886 linguae
1266 2809 1395 2869 Latinae

56 2911 140 2988 leges
164 2929 221 2969 nou
244 2911 346 2970 sinunt
368 2912 410 2970 ita
431 2912 541 2990 accipi,
568 2911 655 2988 quasi
680 2911 821 2988 scriptum
844 2911 922 2970 foret
943 2911 1056 2970 Italicae·
1080 2916 1144 2988 quet
1159 2913 1244 2986 suere
1265 2911 1393 2972 Alexan·

55 3013 162 3082 draca·
187 3031 255 3072 nam
279 3015 316 3072 ab
339 3013 483 3072 eiusmodi
506 3015 739 3091 transpositione
762 3031 861 3072 sermo
888 3013 1038 3090 legitimus
1066 3013 1218 3087 abhorret,
1246 3033 1301 3072 nec
1326 3035 1393 3091 per-

56 3115 169 3173 fectum
191 3116 234 3173 ita
255 3125 334 3174 recte
357 3116 487 3192 positum
511 3124 564 3188 est,
587 3134 654 3174 cum
677 3116 767 3175 hosce
790 3116 891 3174 titulos
914 3115 1052 3174 dedicare
1074 3115 1188 3174 soleant
1209 3117 1260 3190 qui
1284 3117 1393 3175 alicubi

56 3220 217 3276 consistunt
237 3217 284 3276 vel
306 3221 494 3295 negotiantur.
535 3218 582 3275 llb
604 3217 700 3276 altere
721 3226 818 3276 autem
843 3225 926 3292 parte
942 3215 1142 3276 Alexandreae
1164 3217 1188 3274 si
1205 3218 1395 3294 coniungitur

57 3337 128 3378 eum
150 3319 186 3378 iis
208 3338 284 3396 quae
306 3319 496 3397 praecedunt,
521 3327 553 3376 ut
575 3319 696 3378 omnino
719 3319 899 3397 iungendum
921 3329 976 3391 est,
999 3320 1092 3378 verba
1106 3319 1221 3378 Italicei
1235 3323 1393 3397 qaeifaerc

56 3420 198 3479 absolute
220 3423 320 3497 posita
342 3421 491 3499 quomodo
507 3420 651 3497 explicari
673 3422 794 3499 possint
815 3440 873 3479 non
896 3422 1059 3498 perspici03
1082 3441 1151 3480 nam
1175 3421 1291 3498 dequo
1313 3422 1395 3500 cogi·

59 3523 122 3580 tevi
145 3523 266 3584 Italicos
290 3525 490 3600 negotiatores
512 3523 624 3582 maiore
647 3543 685 3582 ex
707 3533 791 3600 parte
813 3523 914 3583 Latini
937 3523 1011 3582 iuris
1034 3523 1170 3583 homiues
1192 3524 1311 3582 civitate
1341 3525 1395 3582 im·

56 3631 180 3702 petrata
201 3636 271 3701 post
292 3627 402 3684 bellum
426 3626 538 3685 sociale
560 3626 714 3702 antiquum
737 3645 844 3684 nomen
867 3645 933 3686 cum
956 3645 1035 3685 novo
1058 3627 1165 3686 civium
1189 3626 1394 3686 Romanorum

56 3727 289 3804 permutavisse,
311 3727 340 3786 id
363 3746 398 3786 eo
420 3728 577 3799 refellitur,
601 3728 680 3804 quod
704 3728 808 3805 reliqui
831 3729 951 3805 quidem
974 3728 1052 3788 tituli
1074 3728 1255 3787 recentiores
1271 3735 1395 3786 utuntur

58 3829 172 3887 civium
185 3829 386 3888 Romanorum
408 3831 566 3900 vocabulo,
589 3830 641 3888 sed
664 3830 767 3888 titulus
780 3829 924 3888 Deliacos
947 3831 1016 3889 anni
1033 3829 1093 3889 680
1109 3829 1189 3906 (vide
1204 3829 1241 3887 ad
1257 3850 1285 3888 n.
1300 3829 1394 3904 1410)

59 3939 93 3988 et
117 3933 176 3989 duo
198 3932 275 3990 tituli
297 3932 403 4008 Argivi
427 3933 496 3990 anni
513 3931 572 3991 685
596 3931 646 4008 (Q.
666 3931 790 3992 Caecilio
808 3931 838 3990 0.
855 3935 883 4007 s.
899 3932 1003 3989 Metelc
1026 3935 1194 4006 imperatori
1214 3930 1309 3990 Italici
1331 3933 1396 4006 quei

59 4033 169 4108 Arper'e
190 4038 372 4109 negotiantur
393 4032 428 4093 C.
444 4035 503 4106 ΙΙΙ,
520 4034 594 4110 531)
617 4043 646 4092 et
662 4033 720 4093 687
745 4033 825 4110 (vide
848 4033 952 4110 supra)
975 4033 1127 4109 antiquam
1152 4033 1394 4091 consuetudinem

58 4135 201 4208 retinent,
223 4137 388 4212 retinetque
411 4137 482 4194 item
505 4146 607 4195 auctor
626 4134 826 4194 Caesarianus
850 4135 913 4192 bell.
930 4135 997 4211 Afr.
1016 4136 1064 4193 36.
1106 4137 1271 4194 Praeterea
1291 4135 1396 4192 haere-

57 4253 128 4296 mus
151 4237 181 4294 in
198 4235 333 4308 Graecis,
358 4256 436 4313 quae
458 4239 541 4298 bisce
555 4237 674 4296 Latinis
698 4235 878 4312 respondere
899 4255 994 4313 paene
1017 4247 1128 4296 certum
1150 4244 1208 4310 est;
1230 4256 1300 4295 nam
1316 4236 1395 4312 quod

57 4347 200 4415 superest
221 4337 244 4396 ei
265 4336 293 4396 ἓν
313 4333 518 4422 Ἀλεξανδρείᾳ
542 4381 632 4399 .....
646 4362 669 4396 οι
691 4339 821 4398 ostendit
843 4339 959 4396 titulum
982 4339 1112 4415 positum
1138 4356 1205 4398 esse
1228 4339 1265 4396 ab
1280 4333 1395 4397 Itali'cis

57 4441 245 4500 morantibus
269 4442 430 4506 moretisve
446 4441 664 4501 Alexandreae.
702 4441 760 4500 His
783 4440 1009 4499 difficultatibus
1032 4441 1075 4499 ita
1096 4441 1214 4500 obviam
1237 4441 1280 4497 ire
1303 4441 1395 4513 volui,

57 4551 92 4600 nt
116 4542 197 4600 urbis
221 4544 398 4602 vocabulum
419 4550 449 4602 et
468 4543 506 4602 ad
521 4544 652 4622 legatum
676 4545 837 4602 referretur
858 4550 889 4602 et
910 4541 948 4599 ad
970 4543 1093 4601 Italicos
1116 4542 1322 4620 supplemento
1345 4541 1396 4600 ad·

57 4645 155 4703 misso
183 4645 296 4704 incerto
326 4664 413 4718 sane,
451 4646 505 4706 sed
533 4646 612 4722 quod
641 4647 739 4723 ipsum
768 4665 826 4702 non
854 4643 986 4703 offendat
1013 4653 1043 4704 et
1069 4645 1107 4703 ad
1134 4645 1289 4721 utriusque
1316 4643 1395 4702 tituli

57 4746 205 4822 reliquias
227 4747 316 4804 facile
338 4755 466 4825 aptetur.
484 4781 521 4791 -
538 4749 632 4806 Aetas
654 4748 733 4805 tituli
756 4747 969 4806 determinatur
991 4767 1026 4806 eo
1042 4767 1129 4825 quem
1145 4765 1237 4823 supra
1251 4745 1352 4805 rettuli
1368 4755 1398 4803 et

56 4847 186 4907 huiusce
207 4849 426 4925 quodammodo
449 4850 606 4927 gemellum
634 4867 702 4908 esse
729 4849 931 4908 demonstrari
961 4847 996 4908 0.
1019 4849 1150 4909 Billieni.
1198 4847 1289 4908 Hunc
1316 4849 1398 4907 enim

55 4950 210 5010 intellexit
231 4949 404 5011 Boeckhius
432 4970 499 5013 esse
526 4950 561 5011 0.
583 4951 745 5010 Billienum
774 4971 841 5010 eum
871 4953 921 5026 qui
949 4960 1026 5012 teste
1055 4949 1198 5012 Cicerone
1229 4949 1328 5026 (Brut.
1345 4950 1396 5023 47,

121 5179 144 5241 ¹)
164 5180 262 5232 Eadem
282 5181 435 5246 subscriptio
457 5172 595 5250 (Ἂγασὶας
614 5207 638 5218 -
659 5167 836 5245 inaceriam)
856 5183 939 5232 estin
960 5183 1035 5234 tertis
1053 5183 1108 5234 basi
1125 5197 1208 5248 nuper
1220 5188 1322 5248 reperta
1334 5179 1397 5232 Deli

55 5273 132 5323 edita
153 5269 212 5324 batt.
233 5271 263 5322 de
283 5289 349 5325 corr.
370 5270 429 5324 dell.
451 5274 465 5324 5
485 5289 511 5339 p.
526 5273 588 5326 462.

144 5378 182 5442 V.
1129 5385 1167 5442 39
