3450 5842
322 571 393 642 602
772 586 1048 638 annrnsununa
1076 586 1159 637 von.
1179 585 1223 636 ιιι
1613 588 1669 637 rna

324 763 396 839 175)
419 762 518 821 consul
532 764 633 838 suetus
656 773 736 832 esset,
757 765 816 820 niai
836 765 867 820 in
886 761 1040 820 Marianos
1056 761 1218 820 consulatue
1240 759 1282 835 (a.
1295 779 1325 818 n.
1344 778 1375 818 e.
1393 758 1592 835 650-654)
1614 771 1637 817 et
1653 763 1675 815 in

321 884 370 924 eoa
390 869 534 940 petitionis
556 869 706 939 arepentina
728 866 882 934 incidisset,
905 882 971 922 eum
995 864 1171 939 praesertim
1192 863 1310 938 legatus
1335 863 1385 920 ita
1405 862 1495 921 nude
1513 863 1613 921 dietus
1627 881 1676 920 non

212 967 216 975 “
321 969 480 1027 conveniat
502 967 560 1024 nisi
584 968 695 1025 liberae
719 966 760 1024 rei
783 966 919 1042 publicae
935 961 1173 1041 temporibus2).
1210 963 1363 1023 Fortasse
1381 966 1485 1023 etiam
1505 962 1546 1038 Q.
1565 965 1676 1042 Pompei

323 1069 475 1128 Rufinus.
499 1089 524 1128 a.
542 1069 602 1127 666
625 1087 721 1145 eoque
744 1087 822 1127 anno
845 1068 925 1127 eaesi
950 1076 1079 1126 statuam
1102 1067 1180 1126 idem
1203 1067 1338 1143 Agasias
1364 1067 1515 1143 sculpsit
1538 1067 1588 1142 (el.
1612 1068 1678 1126 infra

321 1193 351 1232 n.
370 1170 473 1246 1424).
513 1169 643 1244 Quinam
667 1180 765 1230 antem
788 1171 876 1228 luerit
898 1171 948 1246 qui
972 1171 1027 1227 hoc
1050 1170 1137 1228 titulo
1159 1169 1325 1228 honoratur
1349 1177 1385 1228 et
1407 1170 1438 1227 is
1457 1169 1538 1246 quid
1555 1169 1676 1229 beneficii

321 1275 352 1332 in
367 1273 491 1332 Italicos
514 1273 682 1346 contulerit,
706 1273 793 1332 nobis
816 1283 876 1330 tum
900 1272 1001 1330 datum
1024 1273 1082 1330 erit
1103 1271 1189 1342 seire,
1212 1290 1277 1328 cnm
1301 1270 1387 1330 forte
1411 1271 1553 1330 fortuna
1574 1273 1677 1348 reliqna

320 1376 398 1434 tituli
422 1393 492 1451 pars
516 1375 670 1451 prodierit.
710 1372 817 1434 Statua
838 1376 909 1433 haee
930 1373 1084 1432 bellatoris
1101 1371 1304 1432 occumbentis
1321 1391 1531 1450 quamquam
1548 1375 1677 1434 nudant

262 1555 264 1558 Ι
321 1498 417 1554 neque
439 1479 482 1535 ita
504 1487 686 1553 comparata,
710 1487 741 1534 ut
763 1477 977 1535 honoratorum
993 1476 1125 1533 virorum
1141 1463 1286 1550 imagines
1302 1475 1415 1554 effingi
1435 1477 1559 1548 solent,
1583 1478 1676 1536 nihile

321 1581 419 1640 minus
443 1580 546 1638 ducem
570 1579 700 1655 aliquem
724 1579 831 1637 aetatis
855 1578 936 1636 illius
959 1585 1163 1655 repraesentet
1185 1595 1307 1636 necesse
1338 1585 1389 1636 est
1421 1579 1676 1656 (eomparatlio

320 1684 425 1742 bertus
447 1691 548 1740 noster
570 1688 699 1740 statuam
723 1681 851 1739 similem
874 1681 944 1739 item
971 1679 1040 1738 Deli
1062 1689 1211 1756 repertam
1234 1676 1268 1737 Ο.
1286 1677 1400 1738 Ofellii
1418 1681 1468 1740 M.
1493 1682 1516 1740 f.
1535 1681 1607 1742 Feri
1628 1682 1675 1739 edi

321 1793 381 1842 tam
405 1783 474 1842 tull.
495 1785 529 1841 de
550 1801 624 1842 eorr.
641 1783 741 1842 letto
764 1803 793 1860 p.
811 1781 886 1857 391)
909 1800 1035 1858 eumque
1057 1782 1150 1841 nivem
1167 1781 1356 1853 Romanum;
1383 1802 1461 1842 nam
1491 1783 1614 1844 Graeco
1634 1786 1676 1842 ho

321 1887 392 1944 mini
415 1886 507 1962 legati
531 1885 719 1957 vocabulum,
742 1886 831 1944 modo
853 1884 883 1943 id
906 1892 984 1944 reete
1000 1885 1169 1943 restitutum
1185 1883 1234 1954 sit,
1257 1903 1368 1959 parum
1387 1889 1557 1946 convenit.
1593 1887 1675 1946 Bene

322 1988 421 2046 finium
444 2006 503 2064 qno
526 1988 578 2063 qui
601 1989 766 2045 honoratur
788 1988 910 2046 Italicos
934 1986 1049 2057 affecit,
1075 1985 1262 2044 coniunctum
1284 1985 1428 2046 fortasse
1455 2008 1531 2049 cum
1556 1991 1620 2049 eins
1642 1991 1675 2048 ia

323 2089 497 2148 terleetione
519 2087 549 2146 in
573 2090 688 2164 proelio
709 2090 820 2165 aliquo,
845 2089 1007 2148 verisimile
1022 2098 1069 2148 est
1084 2096 1219 2166 spectare
1235 2088 1273 2146 ad
1288 2107 1339 2147 res
1357 2099 1472 2166 gestas
1492 2093 1525 2150 in
1538 2095 1674 2170 Aegypta

322 2191 390 2250 Hoc
412 2191 489 2250 enim
511 2193 691 2252 effossiones
708 2191 851 2251 Deliaeae
874 2193 1116 2250 demonstrarunt
1137 2191 1265 2266 septimo
1288 2190 1379 2249 urbis
1403 2195 1544 2254 saeculo
1559 2196 1674 2255 insulan

323 2303 476 2370 tamquam
498 2311 654 2353 commune
677 2302 767 2370 eaput
788 2294 882 2352 luisse
897 2294 1070 2352 Italicorum
1092 2293 1123 2350 in
1140 2290 1264 2351 Oriente
1286 2297 1492 2356 versantium
1510 2307 1543 2357 et
1558 2300 1584 2357 si
1601 2317 1673 2375 quen

312 2397 344 2456 'ii
360 2397 509 2456 honorare
524 2397 645 2470 vellent,
657 2414 747 2473 saepe
762 2405 890 2456 statuam
906 2396 1092 2455 dedicavisse
1108 2393 1188 2473 apud
1199 2395 1376 2470 Apollinem
1386 2397 1538 2460 Delium.
1570 2401 1673 2459 Atta·

323 2499 439 2557 titulum
458 2499 613 2558 Deliacum
636 2507 665 2556 et
687 2519 718 2556 re
741 2507 771 2558 et
792 2509 925 2577 tempore
947 2499 986 2556 ab
1009 2499 1066 2556 hoo
1088 2505 1191 2557 nostro
1214 2515 1273 2556 non
1290 2498 1528 2562 abhorrentem
1544 2505 1612 2563 item
1627 2502 1675 2560 edi·

323 2611 387 2659 tum
410 2601 447 2659 ab
469 2601 622 2660 Homollio
640 2601 766 2659 Bullelt'n
789 2601 807 2660 8
830 2620 858 2677 p.
876 2601 946 2659 107:
973 2594 1116 2666 ‘Pennino
1138 2599 1161 2656 οἱ
1183 2591 1433 2681 εόεργετηὸἕντες
1459 2597 1618 2688 ναύκληροι
1636 2594 1673 2660 καί

325 2696 437 2786 ἔμποροι
459 2701 485 2760 ἓν
507 2705 543 2782 τῇ
564 2694 696 2780 ’γενομίνῃ
718 2693 889 2776 καταλείψει
907 2695 1130 2785 Ἀλεξανδρείας
1151 2702 1192 2776 (a.
1213 2712 1245 2760 ut
1266 2702 1393 2762 videtur
1416 2724 1451 2781 p.
1473 2705 1552 2767 Chr.
1569 2707 1634 2778 126,
1653 2728 1673 2764 n

324 2823 350 2864 c.
364 2803 438 2880 628)
461 2800 515 2863 tino*
540 2794 686 2868 βαπλὲωε
707 2795 882 2869 Πτολεμαίου
905 2800 981 2862 θεοῦ
1002 2794 1158 2886 Εὐεργέτου
1181 2794 1283 2881 Λίχαν
1306 2800 1515 2877 Καλλιμῆδου
1541 2810 1595 2886 (ef.
1614 2808 1672 2868 (1.1

327 2905 379 2965 Gr.
392 2907 490 2984 4896)
513 2902 560 2964 rio
582 2907 715 2984 συγγενῆ
734 2896 882 2973 flocellus
896 2896 1072 2973 Πτολεμαίου
1094 2895 1142 2963 καί
1156 2897 1341 2976 βασιλίσσης
1355 2901 1569 2996 Κλεοπάτρας
1586 2910 1673 2995 ripario

325 2997 416 3067 ’ἕνεκεν
437 3001 485 3066 καί
508 3001 672 3093 εὐεργεσίας
694 3009 744 3079 τῆς
765 3007 804 3070 εἷς
824 3002 944 3071 {murone
965 2998 1132 3068 Ἀπίλλωνα

325 3183 529 3194 ...ι-ψ-

384 3312 409 3376 ²)
430 3315 766 3367 ct.vot.1n.562.605.
806 3316 944 3366 Decretum
963 3329 1064 3381 quoqne
1082 3313 1261 3379 Gythiensimn
1281 3315 1381 3366 laenam
1402 3317 1434 3367 in
1459 3320 1592 3371 honorem
1605 3321 1667 3371 hle·

325 3406 363 3457 M.
384 3407 544 3457 Cloatiorum
563 3408 601 3458 Μ.
619 3408 638 3456 1.
659 3405 753 3469 (Lebas
772 3415 797 3456 et
810 3409 922 3458 Foueart
939 3423 965 3457 n.
981 3409 1070 3459 etna:
1091 3407 1274 3472 Dittenberger
1293 3408 1353 3472 syll.
1374 3425 1401 3459 n.
1419 3411 1494 3472 255)
1516 3428 1583 3477 qnos
1600 3412 1666 3462 norni-

326 3505 370 3548 nat
389 3487 465 3548 Γιίιον
484 3487 583 3548 Ιοίλιον
602 3487 757 3567 πρισβευτείν
775 3497 815 3548 aori
831 3487 949 3549 lln'ahtov
963 3489 1099 3566 Αίτραίνιον
1118 3487 1274 3568 αρεσβεαιείν
1292 3489 1496 3562 κα1Φοιίλβιαν
1514 3489 1663 3573 ιρισβεετίι.

326 3597 352 3639 et
376 3591 425 3656 ipsi
450 3591 564 3641 eiusdem
588 3594 679 3642 aetatis
703 3601 769 3642 sunt.
819 3593 962 3643 Antonium
989 3593 1032 3657 qui
1056 3591 1092 3641 ibi
1117 3592 1264 3642 nominatur
1293 3588 1328 3653 (lv
1352 3590 1388 3657 τῷ
1422 3591 1468 3644 ἐπὶ
1494 3593 1664 3666 Τιμοκρατὶεκ

326 3677 437 3746 intonari,
465 3668 505 3732 ἔτι
525 3673 654 3741 ’Aaronem
678 3681 834 3752 παρεγένετο)
861 3692 929 3734 reete
944 3684 1162 3748 Waddingtonius
1190 3684 1269 3749 (apud
1288 3684 1458 3738 Foneartum
1485 3690 1505 3740 l.
1519 3691 1553 3750 e.)
1578 3686 1662 3754 negarit

325 3777 485 3826 triumvirum
505 3776 632 3842 intellegi;
656 3777 701 3827 sed
721 3793 795 3841 quern
815 3778 950 3842 proposuit
970 3777 999 3826 C.
1019 3777 1163 3826 Antonium
1184 3775 1316 3826 Ciceronis
1338 3779 1366 3827 in
1386 3782 1533 3832 consulatu
1553 3782 1660 3844 collegato

324 3877 460 3936 propterea
479 3871 548 3934 quod
567 3871 589 3919 is
609 3871 752 3934 imperante
772 3870 846 3921 Sulla
865 3884 888 3919 a.
901 3871 951 3919 671
973 3870 1000 3918 in
1022 3869 1122 3919 Achaia
1141 3867 1255 3920 Graecos
1275 3872 1395 3932 vexavit,
1424 3889 1489 3923 cum
1510 3889 1542 3924 eo
1563 3883 1659 3937 tempore

325 3963 442 4012 tribunus
462 3962 571 4011 militnm
590 3961 700 4011 fortasse
719 3968 798 4022 esset,
822 3977 874 4011 ιιοιι
895 3962 976 4026 magis
996 3963 1031 4011 sic
1048 3961 1179 4011 nominari
1198 3961 1289 4025 potuit.
1327 3963 1418 4012 Immo
1440 3966 1603 4032 intellegitur
1618 3964 1657 4012 dna

326 4055 419 4103 missus
439 4060 528 4104 eontra
547 4054 642 4118 piratas
662 4061 705 4104 aut
723 4061 797 4119 pater
810 4054 847 4104 tt.
861 4054 992 4105 Antonius
1011 4061 1099 4103 orator
1116 4059 1220 4118 praetor
1238 4068 1284 4117 pro
1304 4053 1414 4105 consule
1437 4071 1463 4108 a.
1476 4057 1531 4109 651
1551 4067 1594 4108 ant
1605 4055 1656 4106 ntra
1701 4096 1702 4103 ,

326 4146 363 4196 Μ.
378 4146 509 4196 Antonius
529 4145 643 4198 Creticus
663 4160 686 4196 a
701 4146 763 4208 680,
784 4146 868 4210 potins
888 4151 972 4196 antem
991 4153 1063 4211 pater
1082 4153 1186 4210 propter
1204 4146 1421 4212 orthographiam
1443 4151 1621 4216 antiquiorem.
