3518 5828
492 539 791 594 OBSERVATIONES
810 536 1098 591 setosaeurcsn.

278 935 467 996 XXXVIII.
516 937 699 996 MILITVhI
730 933 1073 994 PROVINCIALIVM
1104 933 1302 993 PATRIAE.

166 1127 257 1202 Quod
279 1129 363 1187 mnlti
386 1147 425 1188 ex
446 1131 540 1188 multo
565 1140 697 1206 tempore
719 1129 973 1200 desideraverunt,
997 1138 1030 1186 nt
1051 1128 1167 1203 patriae
1189 1127 1314 1186 mllitum
1337 1145 1455 1204 compo·

121 1241 241 1303 uantur,
269 1249 336 1289 cum
358 1233 427 1290 inde
450 1240 510 1290 mm
532 1234 564 1291 in
586 1233 713 1291 dilectus
735 1231 860 1288 formam
884 1231 991 1288 aetatis
1015 1229 1223 1306 Imperatoriae
1244 1246 1333 1305 quarn
1356 1230 1386 1286 iu
1408 1229 1455 1286 ins

123 1350 318 1407 personarum
347 1352 505 1411 rerumque
532 1334 716 1411 publicarum
744 1333 928 1407 aliquantum
954 1332 1029 1389 lucis
1051 1331 1283 1389 redundaturum
1306 1349 1374 1389 esse
1396 1331 1457 1388 ior·

122 1443 205 1492 tasse
227 1452 287 1492 non
309 1434 374 1492 siue
397 1453 489 1494 causa
511 1445 656 1512 speretur,
679 1435 710 1492 id
733 1433 886 1492 laterculis
909 1432 1052 1492 subiectis
1074 1451 1132 1490 non
1155 1433 1308 1509 perficitur
1326 1431 1455 1506 quidem,

123 1555 177 1592 nec
198 1545 279 1594 recte
301 1537 402 1612 perfici
426 1538 536 1612 poterit
557 1537 614 1596 nisi
637 1536 756 1628 sylloge
777 1534 1002 1610 inscriptionum
1018 1533 1204 1604 Latinarum,
1227 1554 1245 1590 a
1260 1533 1366 1608 quihus
1382 1534 1456 1591 haec

121 1635 294 1712 disquisitio
321 1647 384 1695 tota
410 1637 472 1696 iere
499 1639 621 1714 pendet,
649 1638 812 1715 aliquando
839 1636 985 1696 absoluta.
1035 1633 1094 1695 Sed
1121 1636 1216 1693 donee
1242 1635 1354 1711 publici
1381 1635 1455 1692 iuris

120 1737 218 1796 iactae
240 1749 328 1797 erunt
348 1757 423 1815 quas
446 1740 543 1798 adhuc
565 1758 652 1816 aegre
675 1739 891 1808 desideramus,
913 1738 1019 1796 Italiae
1041 1737 1156 1794 mediae
1177 1744 1207 1794 et
1228 1735 1455 1795 Germaniarum

120 1841 300 1915 praesertim
321 1841 533 1916 insorIptiones
550 1821 585 1899 et
605 1841 653 1899 his
676 1840 872 1918 superstructi
894 1839 1010 1898 iudices
1028 1839 1167 1897 meliores
1184 1849 1213 1896 et
1228 1838 1377 1912 pleniores
1393 1837 1455 1896 ela·

120 1941 316 2015 borabnntur,
339 1943 456 2001 interim
479 1961 518 2001 ex
540 1943 587 2003 his
610 1961 728 2020 quoqne
751 1943 931 2020 prolicietur.
969 1940 1103 1998 Adhibui
1125 1941 1162 1998 ad
1185 1940 1387 1999 conficiendos
1402 1956 1454 1997 eos

120 2043 257 2101 subsidia
278 2054 309 2103 et
329 2044 499 2102 communia
520 2045 651 2103 omnium
675 2053 704 2102 et
725 2065 760 2104 ea
775 2061 903 2120 qnorum
919 2041 991 2100 mihi
1007 2042 1093 2118 copia
1107 2061 1162 2118 per
1177 2044 1288 2100 amicos
1302 2041 1383 2100 lacta
1399 2049 1454 2112 est,

119 2145 296 2220 praesertim
319 2163 372 2204 eos
396 2147 472 2222 apud
496 2164 572 2223 quos
595 2146 723 2205 schedae
746 2146 944 2203 adservantur
965 2153 1088 2222 paratae
1109 2144 1146 2201 ad
1170 2144 1366 2219 perficiendas
1387 2163 1455 2218 par-

120 2255 165 2303 tes
189 2246 327 2324 syllogae
350 2257 471 2306 nostrae
493 2247 623 2306 nondum
645 2247 756 2324 publici
779 2247 851 2306 ians
873 2246 981 2317 lactas,
1003 2245 1171 2322 Eugenium
1194 2245 1355 2316 Burmann,
1379 2243 1454 2300 Her-

120 2365 262 2406 mannnm
279 2348 410 2422 Bessan,
434 2348 576 2408 Ottouem
594 2349 776 2407 Hirschfeld.
813 2349 926 2406 Eorum
950 2347 1098 2406 adiutorio
1121 2347 1308 2422 potissimum
1331 2345 1455 2402 debetur

119 2449 211 2523 qnod,
234 2458 267 2508 nt
287 2450 409 2509 dubium
424 2469 484 2508 non
501 2461 547 2509 est
562 2451 709 2527 quaedam
724 2449 838 2508 omissa
853 2467 931 2522 esse,
950 2467 1028 2526 quae
1042 2449 1111 2506 addi
1127 2455 1287 2524 potueruut
1302 2453 1332 2504 et
1347 2447 1454 2506 debue-

119 2561 199 2622 runt,
220 2552 264 2610 ita
286 2569 345 2610 uon
367 2552 461 2610 multa
482 2552 599 2611 confido
621 2551 786 2611 desiderari
809 2569 911 2610 eorum
934 2567 1010 2627 qnae
1024 2551 1114 2608 hodie
1130 2559 1202 2607 nota
1216 2557 1294 2608 sunt.
1332 2549 1454 2607 Patrius

120 2651 245 2711 militum
269 2654 372 2730 paucis
395 2653 530 2730 exceptis
558 2671 617 2712 non
644 2654 743 2728 recepi
770 2653 827 2712 nisi
855 2653 965 2712 dIserte
991 2653 1020 2709 iu
1049 2651 1145 2710 titulis
1172 2652 1357 2722 enuntiatas3
1385 2669 1453 2709 nam

119 2751 191 2810 licet
213 2769 429 2829 saepenumero
452 2755 534 2814 locus
556 2755 633 2813 tituli
656 2755 767 2813 inventi
791 2775 845 2832 pro
868 2754 966 2832 patria
986 2754 1117 2812 defuncti
1140 2753 1233 2828 accipi
1257 2753 1363 2828 possit,
1386 2771 1453 2810 cunr

118 2855 148 2910 in
171 2853 224 2911 tali
246 2874 279 2912 re
300 2855 387 2914 facile
409 2857 502 2922 errori
525 2857 609 2914 locus
634 2857 673 2914 sit
695 2875 789 2931 neque
808 2857 895 2914 huius
912 2855 1146 2914 commentarioli
1164 2855 1261 2912 forma
1275 2854 1454 2930 disputatio·

118 2973 185 3012 nem
210 2956 358 3030 admittat,
382 2959 446 3016 eins
468 2959 586 3034 generIs
609 2958 712 3016 titulos
733 2957 891 3016 excludere
906 2957 996 3016 malui
1011 2975 1099 3033 quam
1116 2956 1215 3015 dubiis
1231 2966 1311 3015 certa
1323 2957 1452 3014 turbare.

118 3055 334 3134 Proponuntur
355 3061 539 3119 collectanea
560 3059 659 3118 forma
680 3059 806 3135 slmplioi
830 3059 1060 3130 laterculorum
1089 3076 1165 3134 quos
1191 3067 1224 3116 ut
1250 3058 1367 3117 diluant
1389 3077 1453 3117 vcr-

118 3157 224 3216 bornm
247 3160 423 3237 ambagibus
446 3173 476 3221 et
496 3161 616 3220 libellos
643 3161 775 3220 librosve
797 3161 865 3219 inde
891 3159 1020 3219 efficiant
1046 3161 1165 3218 nomine
1193 3161 1330 3236 specioso
1358 3160 1453 3235 magis

117 3277 207 3335 quam
229 3261 310 3321 iusto
333 3263 476 3322 historiae
497 3263 650 3341 legionum
672 3263 889 3322 auxiliorumve
911 3263 1093 3322 classiumve
1115 3271 1247 3334 ornatos,
1274 3262 1342 3321 aliis
1365 3261 1452 3320 relin-

117 3379 188 3438 quo.
234 3363 301 3441 Ego
322 3365 474 3439 quomodo
498 3383 560 3424 rem
582 3364 756 3434 ordinarim‚
777 3365 907 3423 breviter
929 3365 1097 3440 explicabo.

159 3463 209 3521 Ad
225 3464 343 3523 Italiam
366 3465 479 3524 indices
501 3466 532 3524 hi
555 3475 679 3526 eatenus
698 3463 905 3524 tautummodo
927 3467 1114 3542 perveniunt,
1136 3465 1216 3542 qnod
1237 3466 1268 3524 in
1289 3467 1384 3525 altero
1399 3466 1453 3522 mi·

115 3563 186 3624 lites
212 3565 370 3643 legionarii
400 3577 460 3626 tam
487 3567 587 3626 Italici
614 3587 702 3645 quam
730 3568 931 3644 provinciales
958 3577 1165 3638 recensentur3
1198 3568 1343 3625 eiusmodi
1375 3567 1453 3624 enim

116 3665 264 3725 laterculo
286 3669 336 3744 qui
358 3669 390 3727 in
413 3669 550 3729 dilectum
578 3669 704 3728 militum
731 3670 838 3728 aetatis
867 3670 1078 3746 imperatoriae
1105 3669 1228 3746 iuquirit
1254 3669 1336 3726 nullo
1364 3668 1452 3726 modo

115 3785 217 3826 carere
238 3776 345 3846 potest.
390 3770 512 3829 Italicos
535 3791 572 3829 ex
595 3772 760 3847 praetorio,
787 3773 856 3829 item
880 3772 1045 3830 cohortium
1069 3773 1246 3829 urbanarum
1270 3771 1452 3846 vigilumque

116 3869 252 3944 equidem
275 3891 334 3930 non
357 3873 553 3951 collegeram
576 3892 644 3932 narn
668 3883 700 3930 ut
717 3873 954 3932 testimoniorum
971 3873 1034 3930 eins
1048 3873 1165 3949 generis
1187 3889 1330 3930 numerus
1357 3871 1452 3928 maior

13 3980 16 3986 '
115 3981 176 4043 est,
203 3973 245 4030 ita
265 3974 379 4032 utilitas
403 3976 500 4033 minor
523 3993 619 4051 neque
641 3975 744 4033 eadem
772 3975 944 4051 disputandi
971 3975 1078 4032 forma.
1127 3973 1176 4032 De
1197 3974 1261 4030 iure
1289 3973 1366 4030 enim
1390 3981 1451 4030 tam

115 4090 314 4149 personarum
336 4093 425 4150 quam
449 4077 638 4152 populorum,
661 4076 741 4152 qnod
764 4077 800 4134 ad
824 4077 944 4135 Italiam
967 4077 1082 4147 attinet,
1105 4085 1229 4134 eatenus
1251 4084 1366 4133 tantum
1389 4093 1452 4131 am-

114 4174 239 4250 bIgitur,
273 4176 353 4251 qnod
381 4195 440 4253 quo
469 4188 601 4255 tempore
629 4187 660 4236 et
685 4187 831 4255 qnatenus
857 4180 889 4238 Iu
915 4178 1033 4254 legione
1062 4177 1132 4235 Itali
1164 4195 1277 4236 merere
1310 4176 1453 4234 desierint

114 4285 209 4334 restat
229 4279 446 4352 quaerendnm3
474 4281 519 4338 cui
541 4280 723 4356 indagationi
747 4281 877 4356 quaein
900 4279 994 4337 altero
1016 4279 1113 4338 iudice
1136 4279 1290 4356 composui
1313 4277 1451 4336 sufficere

115 4376 181 4434 risa
203 4387 281 4437 snut.
332 4378 392 4440 Sed
416 4391 515 4440 umen
537 4400 602 4440 cum
626 4381 758 4440 Oscarus
779 4381 868 4439 Bohn
890 4382 963 4439 haec
985 4389 1090 4457 parata
1112 4381 1235 4439 haberet
1257 4399 1315 4437 uon
1337 4380 1452 4437 Inserta

113 4497 208 4554 nuper
230 4481 268 4538 ab
288 4480 356 4557 ipso
376 4483 457 4540 edito
473 4483 684 4541 commentario
701 4501 787 4558 srpra
803 4503 831 4559 p.
847 4483 903 4542 135
921 4483 1022 4554 citato,
1045 4501 1105 4540 nou
1121 4482 1362 4541 committendum
1379 4481 1451 4539 duxi

114 4588 147 4637 ut
168 4582 328 4641 occasione
349 4603 387 4642 nc
410 4591 522 4656 uterer,
549 4592 580 4642 et
605 4585 693 4642 facile
721 4585 759 4641 ab
786 4603 821 4642 eo
849 4583 1020 4659 impetravi,
1049 4591 1082 4642 ut
1108 4584 1268 4643 laterculos
1296 4601 1348 4642 eos
1376 4583 1450 4641 meis

114 4680 238 4742 adderet
259 4684 352 4758 (inira
372 4705 400 4762 p.
419 4685 503 4761 250).
545 4685 581 4743 In
603 4687 730 4745 indicem
747 4695 845 4743 autom
862 4686 1033 4760 primarium
1050 4686 1164 4762 patrias
1180 4686 1305 4744 militum
1321 4693 1450 4743 tantum·

114 4783 203 4842 modo
226 4786 426 4861 provinciales
449 4787 570 4860 admisi,
598 4789 627 4846 in
650 4787 812 4866 provinciis
834 4786 1025 4846 recensendIs
1049 4797 1168 4847 secutus
1191 4765 1326 4846 ordinem
1349 4786 1451 4845 enchi·
1479 4813 1487 4830 ·

115 4884 183 4944 ridii
204 4887 454 4976 hIarqnardtiani.

154 4987 285 5047 Militum
313 4991 427 5064 patrias
451 4989 573 5068 collegi,
600 4991 689 5049 omisi
711 4991 817 5050 ducum
845 5000 875 5048 et
901 4991 1140 5066 praepositorum
1164 5009 1229 5050 cnm
1252 4990 1394 5050 senatorii
1422 4998 1451 5047 at

113 5090 261 5164 equestris
283 5091 398 5151 ordinis
420 5103 482 5150 tum
506 5093 709 5151 centurionum
732 5093 864 5169 peditum
886 5101 916 5150 et
938 5093 1069 5168 equitnm
1085 5093 1289 5163 decurionum
1313 5111 1381 5150 num
1405 5092 1450 5149 di-

112 5189 218 5264 lectus,
241 5191 279 5250 ad
302 5211 390 5268 quem
413 5194 554 5254 universa
568 5197 706 5270 quaestio
721 5195 806 5267 redit,
829 5195 865 5251 ad
882 5194 951 5254 illos
966 5213 1025 5254 non
1039 5195 1184 5272 pervenit,
1206 5195 1244 5252 ad
1260 5195 1449 5254 centuriones
