3450 5842
344 561 419 634 634
917 581 1101 634 mommsen

386 755 572 817 Salutatores
595 755 791 814 admittuntur
812 773 866 831 per
887 754 1014 832 gradus,
1042 773 1169 831 quorum
1194 767 1255 816 tres
1280 765 1364 815 certo
1387 765 1644 833 cognoscuntur,
1668 757 1696 813 de

341 868 447 936 quarto
474 868 504 918 et
531 859 636 934 quinto
664 859 763 916 minus
791 864 917 927 constat,
941 857 1081 916 videntur
1102 866 1201 918 tamen
1222 859 1356 935 quinque
1378 858 1507 938 gradus
1532 857 1609 916 facti
1630 875 1696 916 esse

340 961 468 1037 Aliquot
482 960 593 1044 gradus
609 960 746 1020 homines
763 960 914 1019 continent
929 959 1066 1018 diversae
1082 961 1242 1020 admodum
1259 961 1421 1038 dignitatis
1439 961 1488 1019 ita
1504 969 1696 1036 exaequatos,

340 1071 373 1121 ut
398 1063 450 1138 qui
476 1063 581 1122 eodem
607 1063 702 1140 gradu
729 1071 830 1122 esseut
858 1064 895 1121 ab
922 1061 1045 1121 officiali
1074 1063 1308 1123 admissionibus
1338 1065 1533 1141 praeposito
1557 1063 1646 1122 simul
1666 1062 1695 1120 ad

341 1165 511 1241 praesidem
533 1164 799 1225 introducerentur.

381 1267 418 1325 ln
444 1267 542 1344 primo
569 1267 664 1344 gradu
689 1267 769 1343 quod
796 1268 921 1343 primum
949 1267 1050 1327 locum
1078 1277 1230 1327 senatores
1253 1276 1369 1338 tenent,
1401 1267 1626 1343 explicatione
1645 1285 1692 1326 uon

338 1369 469 1445 indiget3
492 1370 571 1428 nude
594 1369 624 1428 id
645 1369 825 1428 vocabulum
842 1371 922 1444 poni,
939 1377 972 1428 ut
987 1370 1276 1447 comprehendantur
1290 1370 1464 1429 clarissimi
1483 1389 1609 1442 omnes,
1626 1370 1691 1447 legis

339 1481 516 1548 argumento
531 1480 632 1548 aptum
648 1481 703 1542 est,
719 1481 876 1549 potestque
891 1473 1059 1548 comparari
1074 1473 1248 1532 constitutio
1267 1491 1292 1529 a.
1311 1471 1372 1530 364
1394 1471 1451 1548 (C.
1470 1472 1537 1530 Th.
1556 1473 1586 1544 9,
1603 1473 1650 1543 30,
1667 1474 1691 1545 1)

338 1573 375 1632 de
397 1574 485 1632 simili
514 1575 670 1651 privilegio
700 1575 782 1634 data:
811 1579 931 1651 exceptis
960 1575 1135 1634 amatoribus
1158 1584 1243 1650 atque
1265 1574 1429 1646 honoratis,
1452 1577 1513 1634 sed
1535 1583 1565 1634 st
1585 1575 1630 1632 llic
1649 1579 1690 1650 qui

333 1680 501 1751 prouincias
523 1678 735 1736 administrant.

379 1776 439 1852 Qui
462 1785 627 1855 sequuntur
650 1783 772 1850 comites,
793 1779 1007 1856 intelleguntur
1021 1781 1142 1838 omnino
1157 1780 1335 1857 praesertim
1350 1779 1414 1838 loci
1431 1779 1607 1852 inferioris,
1628 1797 1685 1838 cum

336 1881 460 1940 comites
483 1882 570 1958 primi
594 1881 707 1940 ordinis
729 1883 916 1941 senatoribus
936 1883 1234 1959 comprehendantur.
1268 1879 1427 1940 Comitira
1447 1892 1558 1942 autem
1574 1881 1683 1942 secundi

335 1984 474 2059 tertiiquo
500 1984 614 2042 ordinis
645 1985 683 2042 ad
713 2001 859 2061 quasnam
888 1985 1163 2044 administrationes
1191 1985 1255 2044 iure
1281 1984 1466 2062 pertinuerit
1502 1987 1534 2044 si
1563 1985 1682 2062 quaeris,

333 2086 580 2163 respondebimus
603 2087 767 2146 secundum
789 2088 1031 2146 constitutionem
1053 2105 1080 2144 1.
1097 2087 1157 2147 397
1181 2085 1305 2162 (0.11.
1323 2085 1351 2159 6,
1372 2089 1424 2159 14,
1442 2085 1478 2162 2)
1506 2087 1589 2146 inter
1602 2089 1681 2145 comi·

334 2198 379 2248 tes
401 2189 445 2248 rei
467 2189 605 2248 militaris
628 2189 724 2248 fuisse
746 2190 842 2266 primo
864 2190 968 2249 ordine
990 2189 1162 2260 inferiores,
1190 2189 1242 2265 qui
1263 2197 1334 2247 sunt
1355 2189 1425 2248 sine
1448 2188 1551 2248 dubio
1580 2194 1679 2248 11111111

333 2295 454 2350 minores
478 2289 526 2366 (0.
544 2291 600 2350 Th.
619 2292 647 2364 7,
666 2293 713 2364 11,
732 2293 745 2350 l
769 2291 885 2368 1.406)
909 2293 973 2351 sive
995 2295 1144 2369 inferiores
1167 2289 1216 2365 (0.
1233 2291 1291 2350 Th.
1308 2291 1337 2363 7,
1356 2289 1445 2362 11,2
1471 2311 1503 2350 a.
1517 2292 1597 2367 417)
1621 2311 1678 2350 cum

333 2393 459 2453 tribunis
482 2394 569 2454 simul
590 2389 784 2470 nominati1).
821 2394 983 2454 Praeterea
1004 2395 1150 2453 comitibus
1172 2394 1289 2454 secundi
1304 2394 1418 2452 ordinis
1433 2393 1484 2451 uel
1500 2395 1677 2454 11611171τῆ1

333 2515 398 2554 cum
424 2498 574 2574 quoddam
596 2497 785 2575 privilegium
808 2497 955 2556 tribuatur
977 2495 1026 2571 (O.
1041 2497 1099 2555 Th.
1116 2497 1145 2570 6,
1162 2497 1245 2568 27,8
1269 2515 1295 2554 a
1311 2495 1400 2571 396),
1422 2495 1494 2556 1111
1518 2496 1590 2555 inde
1604 2497 1677 2556 colli·

332 2617 436 2676 gemus
459 2619 523 2659 eam
546 2600 717 2660 comitivam
739 2599 930 2658 cubiculariis
953 2599 1089 2659 omnibus
1111 2615 1284 2658 concessam
1307 2615 1385 2656 esse.
1429 2597 1515 2658 Item
1537 2599 1676 2677 proximis

331 2702 510 2761 scriniorum
532 2701 598 2779 lege
621 2721 648 2762 a.
662 2701 722 2761 416
746 2700 794 2778 (0.
811 2702 870 2760 Th.
888 2702 916 2774 6,
933 2700 983 2774 26,
1001 2701 1062 2778 17),
1084 2719 1151 2760 curn
1170 2709 1258 2760 antea
1272 2701 1379 2760 tertiae
1403 2701 1577 2761 comitivae
1591 2702 1675 2779 gradu

332 2813 449 2878 essent,
478 2805 600 2863 secundi
623 2804 736 2864 ordinis
759 2804 889 2863 codicilli
910 2805 1047 2862 concessi
1069 2811 1154 2875 sunt,
1183 2803 1311 2879 indeque
1333 2811 1365 2862 et
1387 2803 1436 2862 his
1462 2811 1497 2862 et
1525 2805 1674 2864 comitibus

331 2908 560 2985 dispositionum
590 2927 645 2985 pro
673 2926 750 2966 novo
777 2906 870 2984 mado
902 2907 993 2966 vestis
1021 2906 1165 2964 attributa
1191 2903 1313 2980 (C.Th.
1338 2904 1368 2976 6,
1393 2904 1451 2976 26,
1481 2907 1523 2966 18
1551 2905 1673 2981 atto).

330 3010 365 3068 In
389 3012 559 3070 universum
582 3010 708 3086 denique
730 3011 759 3068 in
783 3009 848 3086 lege
869 3029 896 3067 a.
913 3006 1012 3083 412²)
1034 3008 1196 3080 intereos,
1218 3008 1271 3084 qui
1292 3027 1311 3066 a
1331 2998 1469 3066 tironum
1494 3010 1672 3085 praebitione

330 3121 527 3185 excusantur,
560 3119 754 3172 recensentur
783 3120 852 3187 post
880 3111 1010 3170 honores
1039 3111 1168 3168 maiores
1201 3109 1329 3185 proximi
1363 3110 1559 3170 scriniorum
1592 3111 1671 3187 (quos

329 3217 418 3274 modo
434 3216 562 3275 vidimus
577 3234 612 3274 eo
628 3226 761 3290 tempore
776 3213 945 3273 comitivam
961 3213 1039 3272 tertii
1055 3212 1166 3290 gradus
1180 3209 1333 3288 habuisse)
1355 3221 1387 3270 et
1403 3213 1535 3286 scrinia,
1557 3215 1671 3273 comites

328 3317 576 3394 dispositionum,
603 3317 779 3376 decuriones
806 3315 936 3391 (aulici),
963 3317 1107 3392 magister
1133 3315 1348 3375 admissionum
1376 3324 1405 3372 et
1429 3327 1548 3376 ceterae
1574 3318 1669 3376 emita

327 3424 458 3479 comitum
479 3420 623 3479 laboribus
643 3423 749 3478 nostris
771 3422 865 3478 sociae
886 3420 1047 3495 dipuitotes.
1084 3417 1169 3476 Haec
1190 3435 1373 3493 quamquam
1398 3418 1437 3476 ad
1458 3418 1576 3479 Iuliani
1597 3429 1669 3478 aeta·

328 3530 387 3580 tem
409 3541 469 3580 non
492 3523 593 3580 omnia
614 3523 800 3599 perveniunt,
823 3521 896 3580 satis
919 3520 1083 3591 declarant,
1106 3520 1318 3595 aquibusuam
1333 3519 1504 3580 comitibus
1520 3522 1667 3582 Mariscis·

326 3642 383 3684 nus
406 3643 552 3684 unacum
576 3625 764 3684 senatoribus
788 3624 913 3683 salutari
935 3623 1069 3681 voluerit.

368 3725 540 3803 Sequuntur
561 3748 594 3786 er
616 3728 761 3787 cornicibus
783 3728 834 3804 qui
857 3727 993 3785 dicuntur
1014 3725 1078 3784 sive
1099 3725 1222 3785 comites
1237 3725 1402 3784 honorarii.
1440 3725 1494 3785 Ita
1511 3727 1664 3786 secundum

326 3828 422 3907 legem
445 3849 471 3888 a.
489 3830 546 3888 371
572 3828 622 3906 (O.
639 3830 695 3889 Th.
715 3829 763 3900 12,
782 3831 808 3900 1,
825 3829 888 3905 75),
911 3828 980 3886 huic
1001 3828 1091 3906 igitur
1113 3828 1233 3887 decreto
1248 3828 1308 3886 lere
1324 3827 1501 3904 aequalem,
1525 3829 1663 3888 sacerdoti

326 3933 497 4007 provinciae
519 3941 549 3990 et
570 3931 730 4009 principali
753 3932 852 3990 curiae
874 3931 1045 3990 muneribus
1068 3931 1218 4006 expeditis
1245 3931 1335 3988 bonor
1356 3949 1391 3988 er
1414 3933 1567 3990 comitibus
1589 3931 1660 3990 addi

324 4041 384 4106 tur,
414 4053 495 4110 quem
517 4038 539 4092 ii
560 4038 691 4110 consequi
712 4034 802 4092 solent
823 4036 874 4110 qui
887 4033 974 4108 fidem
999 4033 1229 4107 dilipeutiomque
1255 4050 1337 4090 suam
1363 4035 1395 4088 in
1421 4034 1659 4091 administrandis

323 4136 405 4194 rebus
423 4136 549 4212 publicis
571 4135 770 4212 approbarint.
819 4133 914 4193 Tertii
941 4134 1052 4211 gradus
1079 4134 1248 4192 comitivam
1277 4133 1414 4209 intellegi
1442 4143 1478 4193 ut
1506 4136 1574 4211 ipsa
1597 4152 1657 4192 con-

323 4238 437 4297 stitutio
469 4239 619 4314 significat
652 4237 746 4314 gradu
773 4255 833 4295 111
861 4237 993 4308 adiecto,
1025 4236 1068 4294 ita
1094 4236 1153 4294 alie
1179 4213 1330 4294 enuntiati
1360 4239 1539 4313 quicumque
1570 4239 1655 4295 dcem

322 4343 363 4398 sia
486 4341 588 4415 officiis
611 4344 737 4416 primum
765 4340 913 4398 obtinuerit
939 4342 969 4396 in
998 4357 1053 4397 sua
1078 4341 1160 4398 curia
1276 4339 1383 4410 lomim,
1411 4343 1565 4398 comitique
1590 4339 1656 4398 uruit

321 4504 525 4514 --—-——-

379 4629 827 4699 Ι)111111111111111Τ11111111111
851 4633 894 4698 qui
918 4633 1025 4698 singulis
1048 4631 1193 4682 civitatibus
1216 4636 1425 4696 praeponuntur,
1452 4633 1600 4683 comitivam
1618 4643 1650 4680 11

319 4724 397 4776 cundi
416 4726 514 4776 ordinis
533 4727 660 4792 accipiunt
677 4726 866 4789 (Cassiodorius
879 4741 933 4776 var.
949 4728 973 4788 7,
988 4726 1037 4789 26;
1056 4724 1089 4775 cl.
1103 4725 1184 4790 Hegel
1200 4721 1344 4774 Gsscbicbte
1358 4722 1407 4774 der
1420 4721 1648 4790 Stddteuerjumss

317 4834 366 4868 ocu
385 4817 478 4869 Italica
500 4821 523 4882 1,
546 4819 617 4881 122).
663 4819 716 4872 Sed
740 4819 832 4869 horum
856 4819 1029 4868 institutorum
1054 4831 1180 4882 quaenam
1205 4832 1263 4866 rere
1282 4816 1404 4868 Romana
1428 4819 1484 4867 sint
1508 4819 1542 4868 sd
1561 4815 1646 4868 Gothos

317 4912 451 4973 translata,
472 4925 598 4976 quaenam
619 4912 718 4977 origine
736 4911 868 4964 Germana
886 4911 1004 4962 Romano
1023 4909 1150 4961 uocabulo
1169 4909 1310 4974 appellata,
1330 4924 1417 4975 neque
1435 4909 1517 4962 iacile
1536 4910 1599 4960 dictu
1615 4913 1645 4954 est

316 5008 341 5050 et
359 5003 392 5052 ab
412 5003 460 5052 hac
479 5009 567 5053 nostra
586 5004 759 5068 disputatione
777 5004 898 5054 alienum.

372 5090 396 5154 1)
417 5095 668 5158 (11111111.
708 5097 870 5148 conterenda
888 5097 1036 5146 constitutio
1054 5095 1229 5146 Valentiniani
1248 5093 1291 5144 111
1311 5094 1522 5158 (111.6,3,1)1
1547 5090 1642 5144 tritum

312 5191 431 5235 vacantes
450 5187 503 5236 siue
521 5187 621 5237 comites
638 5189 743 5241 secundi
760 5189 801 5240 vel
820 5189 888 5240 tertii
906 5187 1006 5240 ordinis
1024 5203 1152 5254 omnesque
1169 5186 1326 5238 clarissimos
1339 5189 1443 5239 tertiam
1456 5195 1554 5255 purten
1566 5183 1640 5236 1111111

312 5293 447 5344 1911111111
466 5277 592 5345 (oportet).
