3518 5828
498 514 799 569 oesnnvsrrorvus
817 513 1099 570 erreanrarcsa.
1396 481 1466 561 143

134 688 244 746 militia
266 706 325 746 non
349 688 474 748 solvitur
496 688 554 746 nisi
576 689 734 760 missione,
763 688 848 746 miles
868 688 966 746 factus
989 686 1192 746 coniuratione
1215 684 1339 742 solvitur
1361 683 1468 740 militia

134 789 202 865 ipso
229 790 295 848 iure
321 790 448 848 tumultu
470 790 563 848 finito.
609 789 706 848 lassis
729 789 857 848 militare
883 789 929 848 his
952 795 1144 866 opponuntur
1164 787 1216 862 qui
1242 804 1325 844 arma
1347 785 1469 859 capiunt

134 891 247 965 rogati,
276 891 391 950 scilicet
411 893 441 949 in
465 891 573 950 subitis
596 890 737 968 periculis
759 891 810 966 qui
832 902 1005 962 evocantur,
1035 889 1065 947 id
1088 897 1133 947 est
1155 889 1193 946 ed
1219 905 1302 946 arma
1323 893 1467 944 vocantur

134 1010 153 1048 a
174 993 240 1050 cive
261 993 308 1050 cui
331 993 449 1050 animos
470 1001 516 1050 est
537 999 566 1048 et
586 991 788 1067 auctoritas1)
813 993 911 1050 verbis
932 987 993 1067 ‘qui
1016 1011 1077 1050 rem
1097 990 1247 1066 publicam
1267 989 1382 1048 salvam
1399 1005 1467 1045 esse

133 1093 228 1150 velint
250 1111 283 1151 se
304 1088 485 1168 sequantur'.
522 1093 607 1151 Haec
630 1093 823 1152 fundamenta
843 1103 876 1151 ut
897 1111 950 1168 per
970 1094 1111 1150 universa
1132 1093 1241 1150 liberae
1264 1091 1306 1148 rei
1329 1089 1466 1166 publicae

134 1203 271 1271 tempora
297 1194 495 1269 aequabiliter
521 1202 709 1266 manserunt,
742 1195 784 1251 itu
810 1194 917 1253 militia
942 1203 1060 1269 rogata,
1093 1193 1165 1251 olim
1198 1192 1332 1268 angustis
1358 1191 1466 1249 finibus

133 1295 358 1370 circumscripta
384 1305 414 1353 et
439 1295 602 1372 aliquando
629 1297 758 1354 fortasse
788 1313 847 1354 non
875 1295 1009 1353 admissa
1035 1294 1093 1352 nisi
1120 1302 1253 1352 extrema
1280 1293 1465 1362 necestitate,

133 1397 301 1472 posteriore
322 1404 456 1473 tempore
478 1416 514 1455 eo
537 1398 726 1472 potissimum
749 1398 851 1468 crevit,
874 1395 952 1472 quod
975 1403 1137 1472 coeperunt
1158 1397 1247 1454 duces
1270 1413 1330 1452 nou
1350 1403 1409 1452 tam
1426 1413 1464 1452 ex

133 1515 226 1555 causa
247 1499 376 1574 publica,
398 1517 488 1574 quam
510 1499 628 1573 privato
650 1499 768 1558 nomine
791 1499 829 1556 od
853 1498 988 1556 militiam
1012 1497 1149 1568 invitare,
1172 1505 1205 1554 ut
1226 1496 1314 1554 modo
1330 1495 1464 1554 nomina-

132 1599 185 1656 tim
208 1599 322 1658 amicos
342 1607 373 1659 et
394 1599 580 1676 necessarios
602 1599 829 1676 compellarent,
861 1600 948 1656 modo
971 1617 1024 1673 per
1046 1598 1173 1656 edictum
1201 1607 1283 1656 certa
1310 1597 1464 1656 bominum

129 1717 256 1775 genera,
280 1701 410 1758 maxime
432 1701 482 1776 qui
506 1701 585 1778 apud
608 1717 640 1757 se
662 1700 792 1758 aliumve
815 1699 871 1758 sibi
893 1699 1082 1758 coniunctum
1105 1699 1208 1758 docem
1231 1708 1320 1758 antea
1342 1699 1464 1757 mernis-

132 1811 210 1870 sent,
233 1800 272 1858 ad
295 1801 430 1860 militiam
453 1801 654 1877 recipiendam
676 1810 825 1860 vocarent.
862 1801 911 1859 Ex
934 1820 970 1859 eo
992 1818 1099 1876 genere
1121 1801 1248 1858 militum
1270 1810 1302 1858 ut
1316 1820 1370 1880 per
1386 1801 1464 1858 bella

130 1902 235 1960 civilia
256 1921 367 1979 magna
387 1922 425 1961 ex
448 1914 532 1978 parte
554 1903 703 1961 exercitus
726 1903 855 1960 omnium
878 1903 1006 1979 partium
1029 1901 1182 1962 constituti
1205 1911 1289 1974 sunt,
1315 1903 1357 1960 ita
1383 1903 1462 1978 prin-

131 2005 232 2078 cipatu
255 2005 392 2062 instituto
414 2005 562 2064 eiusmodi
584 2005 773 2064 evocationes
795 2005 1000 2062 exoleverunt.
1037 2004 1193 2062 Vetustam
1209 2004 1316 2080 legem,
1338 2021 1416 2078 quae
1432 2011 1464 2060 ut

131 2103 161 2161 id
182 2105 267 2163 fieret
292 2106 457 2181 periculum
485 2106 637 2182 publicum
664 2105 869 2164 tantummodo
896 2105 1080 2181 requirebat,
1109 2124 1173 2164 cum
1201 2106 1268 2180 ipsa
1292 2105 1387 2163 libera
1413 2121 1461 2164 res

130 2207 251 2281 publica
272 2207 491 2282 quodammodo
513 2207 699 2277 sustulisset,
727 2207 831 2266 militia
852 2208 970 2283 privato
992 2215 1116 2282 rogante
1138 2215 1277 2283 suscepta
1303 2206 1358 2264 sub
1381 2207 1462 2282 prin·

128 2309 229 2384 cipatu
255 2308 338 2366 nullo
366 2309 454 2367 modo
487 2329 607 2368 manere
635 2310 748 2385 potuit;
781 2309 895 2367 scilieet
927 2309 978 2384 qui
1011 2328 1076 2367 eum
1104 2308 1241 2368 laudavit
1266 2308 1321 2367 etsi
1348 2309 1461 2384 primas

129 2408 272 2485 legiones,
294 2411 404 2486 quibus
426 2410 602 2487 praefuerat,
625 2410 682 2467 hoc
703 2411 770 2485 ipso
792 2411 880 2486 quasi
898 2410 962 2467 iure
977 2410 1111 2486 privatus
1127 2419 1315 2486 compararat
1329 2410 1460 2468 evocatis

129 2511 278 2568 veteranis
299 2513 443 2587 paternis,
464 2531 500 2570 eo
516 2512 613 2570 minus
635 2511 804 2588 permittere
823 2511 920 2586 potuit
942 2511 972 2568 id
994 2511 1092 2587 ipsum
1117 2511 1167 2570 alii
1183 2521 1216 2570 ut
1229 2511 1367 2570 lacerent.
1402 2510 1461 2566 Po·

129 2611 186 2669 tuit
207 2630 279 2671 saue
300 2613 441 2689 princeps
464 2614 544 2672 cives
566 2623 598 2671 ut
619 2614 720 2672 iubere
742 2612 883 2683 militare,
911 2612 953 2671 its
979 2630 1099 2688 rogare,
1128 2619 1158 2670 et
1179 2631 1247 2670 uere
1274 2613 1462 2688 reperiuntur

128 2713 188 2772 duo
210 2715 306 2772 triave
327 2714 468 2790 exempla
488 2715 696 2774 invitationem
718 2714 781 2773 eius
803 2718 921 2790 generis
944 2714 981 2772 ad
999 2713 1109 2772 milites
1131 2713 1182 2788 qui
1205 2713 1333 2774 luissent
1347 2731 1365 2770 a
1379 2713 1459 2789 prin·

128 2817 194 2891 cipe
225 2813 461 2890 demeterent).
511 2813 572 2875 Sed
605 2817 757 2875 rarissime
789 2814 820 2872 id
852 2815 961 2873 factum
996 2825 1043 2874 cst
1074 2833 1140 2874 cum
1174 2816 1213 2872 ob
1246 2815 1321 2874 alias
1354 2832 1460 2874 causas

126 2925 189 2975 tum
210 2917 339 2975 tortasse
362 2917 440 2992 quod
462 2917 625 2976 secundum
649 2918 800 2993 antiquam
822 2917 1066 2976 consuetudinem
1089 2917 1204 2976 evocati
1228 2917 1270 2975 ita
1291 2916 1328 2974 ud
1344 2925 1457 2974 certum

125 3036 237 3095 corpus
258 3017 353 3094 redigi
374 3037 434 3076 non
456 3028 617 3095 potuerunt
637 3037 733 3095 neque
755 3018 886 3095 legiones
909 3017 1086 3078 cobortesve
1108 3038 1161 3096 per
1176 3019 1377 3078 evocationem
1394 3017 1456 3074 ullo

184 3232 210 3299 ¹)
229 3235 396 3300 Magistratus
415 3243 444 3286 ut
462 3237 495 3286 alt
513 3238 568 3286 iure
588 3251 642 3287 non
664 3237 814 3302 requiritur,
841 3237 920 3286 immo
938 3237 1101 3302 magistratus
1124 3237 1168 3286 ubi
1187 3237 1305 3287 similiter
1327 3237 1361 3286 etl
1385 3251 1457 3286 arma

124 3333 207 3387 vocat,
228 3327 377 3392 plerumque
396 3328 540 3378 evocationi
560 3327 721 3378 substituitur
740 3329 870 3380 tumultus.
908 3330 973 3378 Inde
991 3331 1103 3380 maxime
1122 3329 1229 3393 pendet,
1248 3329 1317 3393 quod
1336 3334 1456 3378 evocatus

123 3417 219 3468 dicitur
237 3434 289 3470 non
309 3420 383 3470 miles
402 3435 470 3481 esse,
496 3419 542 3470 sed
560 3435 607 3483 pro
627 3420 718 3470 milite.
756 3420 788 3470 In
806 3421 914 3484 pristina
933 3423 1083 3472 evocatione
1102 3421 1278 3471 iusiurandum
1299 3421 1396 3469 nullum
1416 3434 1455 3468 re-

125 3510 193 3574 quiri
218 3525 251 3560 ex
276 3510 316 3560 bis
342 3512 485 3576 eolligitur;
516 3525 546 3560 eo
570 3525 671 3576 quoque
696 3513 800 3562 nomine
823 3513 922 3562 evocati
946 3527 962 3562 a
985 3514 1095 3562 militare
1118 3513 1194 3562 iussis
1219 3511 1355 3574 differunt,
1386 3511 1455 3576 qnod

123 3601 223 3650 nullum
243 3602 274 3652 iis
294 3601 333 3652 ius
353 3610 392 3652 est
416 3603 444 3652 in
468 3603 624 3667 stipendium
648 3610 745 3653 certum
770 3619 853 3669 neque
877 3605 904 3654 in
928 3605 1029 3668 legione
1054 3606 1094 3654 vel
1118 3604 1223 3654 cohorte
1247 3605 1333 3668 aliqua
1357 3609 1456 3653 merent

123 3705 207 3759 neque
227 3699 311 3742 certos
330 3693 408 3744 duces
427 3693 531 3744 habent.
556 3673 727 3759 'Stipendium
746 3703 831 3745 tamen
851 3701 925 3744 extre
938 3696 1056 3745 ordinem
1070 3696 1125 3746 sine
1139 3695 1218 3745 dnbio
1231 3710 1332 3760 semper
1351 3709 1454 3758 accepe-

121 3789 182 3832 ruut
200 3783 280 3848 idque
299 3799 375 3850 saepe
394 3793 505 3848 auctum,
526 3787 609 3852 neque
623 3787 793 3851 improbabile
807 3788 884 3838 etiam
897 3787 1073 3838 iusiurandum
1089 3788 1121 3838 ab
1135 3788 1167 3837 iis
1181 3787 1321 3852 aliquando
1335 3791 1452 3836 exactum

119 3889 177 3926 esse
197 3875 305 3928 iubente
324 3877 361 3927 ita
379 3878 544 3944 imperatore.

177 3964 203 4027 ²)
225 3969 256 4018 ln
275 3969 390 4019 exercitu
408 3969 510 4020 Tiberii
529 3985 553 4021 a.
569 3970 620 4021 759
641 3969 709 4020 bello
728 3970 865 4022 Pannonio
885 3977 1032 4022 meruerunt
1050 3971 1125 4036 plura
1150 3985 1226 4036 quam
1246 3970 1335 4020 decem
1355 3975 1453 4021 veteru-

116 4073 212 4109 aorum
232 4060 314 4120 milia,
334 4060 427 4126 quibus
445 4077 503 4112 cum
522 4068 686 4127 opponantur
704 4069 730 4112 et
748 4063 862 4127 legiones
881 4063 937 4113 alae
957 4063 1076 4114 cobortes
1094 4070 1119 4112 et
1136 4062 1283 4124 voluntarii,
1303 4063 1358 4112 sine
1374 4061 1452 4111 dubio

119 4151 304 4216 intelleguntur
322 4153 430 4203 evocati.
456 4177 490 4189 -
516 4153 639 4204 Claudius
659 4153 728 4218 quod
754 4153 788 4203 ad
811 4153 906 4204 bellum
926 4154 1104 4204 Britannicum
1128 4161 1210 4204 certos
1234 4155 1303 4206 viros
1327 4154 1450 4214 evocavit,

117 4250 147 4291 ut
165 4242 297 4293 tribunum
315 4243 425 4294 militum
439 4245 638 4296 Aventiceusem
657 4246 733 4296 inser.
754 4245 829 4296 Helv.
846 4246 910 4308 179,
934 4246 1044 4296 tortasse
1062 4245 1123 4296 tecit
1141 4246 1273 4296 aemulans
1297 4246 1394 4296 liberae
1413 4245 1452 4294 rei

118 4334 237 4399 publicae
257 4337 479 4386 consuetudinem.
500 4363 534 4372 -
558 4337 742 4388 Praetoriauos
761 4338 895 4388 aVitellio
915 4339 1006 4388 missos
1021 4339 1195 4402 Vespasianus
1214 4339 1332 4388 invitavit
1351 4337 1385 4388 ad
1404 4337 1451 4386 nri·

116 4427 200 4477 litium
219 4427 416 4490 reciperandum
441 4428 555 4490 (Tacitus
574 4428 634 4479 hist.
654 4431 685 4490 t,
706 4429 750 4490 82)
776 4435 801 4478 et
820 4435 890 4478 extat
908 4429 996 4480 titulus
1015 4429 1091 4480 unius
1113 4445 1201 4480 eorum
1224 4429 1338 4480 urbanus
1358 4429 1387 4480 0.
1402 4429 1449 4490 VI,

117 4519 189 4568 2725
204 4514 257 4583 (egi
277 4519 310 4568 de
327 4534 358 4568 eo
368 4519 457 4570 Herm.
470 4522 504 4571 14
523 4536 549 4584 p.
560 4519 616 4584 32),
631 4521 674 4584 qui
688 4527 823 4585 postquam
836 4521 927 4570 mimus
941 4527 978 4570 est
993 4521 1100 4572 honesta
1113 4522 1234 4572 missione
1248 4537 1280 4572 ex
1294 4521 1399 4572 cohorte
1409 4521 1451 4572 IX

114 4611 250 4674 praetoria
267 4609 422 4673 revomutus)
442 4618 480 4662 est
497 4609 530 4661 ab
548 4611 727 4686 imp(erotore).
749 4639 782 4649 -
803 4611 922 4675 Denique
941 4612 1060 4678 Lugduni
1071 4620 1143 4664 extat
1156 4614 1243 4664 titulus
1263 4613 1449 4676 (melleum)

114 4703 222 4752 usundi
235 4702 342 4764 saeculi,
361 4710 390 4753 ut
402 4708 471 4754 recte
484 4703 520 4753 ait
533 4703 693 4754 Schmidtius
712 4719 737 4767 p.
751 4701 814 4764 ³31,
832 4705 947 4754 veterani
959 4704 1068 4768 legionis
1080 4705 1171 4766 XXII,
1188 4706 1231 4769 qui
1245 4706 1335 4756 missas
1346 4703 1450 4756 lonasto

113 4794 244 4854 nasamone,
268 4795 363 4846 castris
385 4795 451 4844 inter
469 4802 564 4846 cotem
582 4802 761 4846 conveteruaos
784 4810 843 4846 suos
866 4796 992 4846 recocitus
1016 4793 1078 4846 bello
1102 4795 1246 4860 intersectas
1265 4795 1334 4847 obiit.
1378 4799 1449 4846 llaec

114 4887 203 4935 omnia
220 4885 257 4935 sd
276 4893 397 4937 evocatos
416 4887 528 4951 Augusti
547 4887 618 4938 nullo
638 4887 716 4938 modo
736 4889 864 4952 pertinere
883 4893 909 4938 et
926 4903 973 4951 per
996 4903 1023 4938 ae
1047 4895 1118 4952 putet
1143 4896 1168 4938 st
1191 4889 1251 4940 iude
1274 4889 1447 4950 confirmatur,

116 4977 185 5040 quod
203 4979 230 5026 in
250 4977 326 5027 titulo
346 4979 424 5028 modo
446 4979 523 5029 citato
541 4979 641 5030 urbano
661 4980 790 5030 revocatio
807 4979 871 5029 haec
889 4979 916 5028 in
930 4985 1013 5030 castra
1026 4985 1051 5030 et
1064 4981 1180 5030 evocatio
1192 4982 1298 5045 proprie
1311 4981 1348 5030 stc
1361 4981 1449 5044 appel·

112 5067 167 5118 lata
184 5083 238 5119 una
256 5071 424 5124 nominantur
443 5077 573 5137 tamquam
589 5071 716 5122 diversae.
736 5095 769 5107 -
789 5072 896 5122 Evoesti
910 5070 1011 5124 Galbae
1025 5070 1107 5132 (Suet.
1121 5090 1142 5123 c.
1156 5071 1199 5134 10)
1213 5073 1253 5124 sui
1267 5077 1364 5122 tantum
1378 5072 1448 5120 simi-

115 5161 151 5210 les
169 5169 237 5212 suut.
