3510 5828
63 567 181 618 rrour
525 563 726 618 ssomnora
752 563 929 618 suumn.
1324 543 1395 616 333

62 741 124 798 iam
145 741 255 800 habere
276 756 333 798 nos
354 757 450 815 paene
472 739 716 818 redintegratum.
751 739 901 799 Fecerunt
916 739 1096 800 tabularium
1112 738 1248 818 optiones
1266 738 1399 816 quinque

63 842 197 900 cohortis
211 843 326 918 primae
340 843 504 902 enumerati
519 843 551 901 in
565 842 760 920 inscriptione
774 843 926 920 primaria,
939 843 1022 902 cuius
1034 860 1111 919 quse
1122 843 1267 918 proposui
1279 841 1399 919 supple-

64 952 166 1003 menta
186 943 265 1020 Eph.
280 943 326 1003 IV
347 963 377 1022 p.
392 942 450 1003 tt?
474 945 533 1003 iam
555 946 778 1017 confirmantur,
801 944 1050 1022 confirmaturque
1072 944 1143 1004 item
1158 963 1224 1003 oum
1240 945 1297 1003 hoc
1312 945 1399 1004 titulo

64 1056 128 1105 tum
149 1046 244 1104 altero
266 1045 406 1105 tabularii
429 1047 596 1118 instaurati,
619 1046 650 1105 id
672 1046 752 1124 quod
774 1046 869 1106 multo
892 1046 1014 1106 maioris
1032 1047 1174 1106 momenti
1190 1056 1245 1120 est,
1268 1065 1336 1106 vere
1352 1066 1399 1105 me

62 1148 84 1207 l.
99 1167 124 1206 c.
147 1148 284 1224 posuisse
307 1149 421 1226 primae
443 1149 558 1207 cohorti
580 1149 710 1225 quinque
731 1157 846 1208 tantum
868 1149 1057 1209 centuriones
1080 1149 1247 1226 praefuisse
1272 1148 1398 1207 nullum·

64 1268 125 1326 que
147 1249 178 1308 in
200 1270 236 1309 ea
256 1249 351 1310 fuisse
372 1251 465 1328 pilum
487 1251 694 1328 posteriorem.
732 1249 911 1328 Numquae
933 1271 972 1310 ex
993 1252 1049 1310 hoc
1071 1251 1158 1310 titulo
1174 1251 1211 1310 de
1225 1251 1398 1328 optionibus

65 1351 254 1429 colliguntur,
277 1353 341 1428 pari
363 1355 428 1412 iure
450 1352 489 1410 ad
510 1353 698 1412 centuriones
721 1371 839 1430 quoque
860 1353 1035 1413 reserentur.
1061 1387 1098 1397 -
1121 1353 1206 1413 Idem
1220 1353 1397 1412 tabularium

64 1453 233 1513 refecerunt
247 1453 362 1528 deinde,
384 1463 460 1514 teste
482 1455 568 1513 titulo
591 1455 757 1532 posteriore
775 1455 914 1532 bipertito
931 1455 1081 1532 adscripto
1104 1455 1141 1514 ad
1163 1456 1258 1513 latera
1279 1455 1399 1532 prioris,

64 1565 183 1632 praeter
204 1557 368 1634 principem
390 1558 526 1634 optiones
549 1558 682 1615 cohortis
704 1557 829 1632 priseae,
856 1557 969 1618 scilicet
989 1557 1121 1634 quinque
1143 1557 1163 1615 ii
1186 1557 1236 1634 qui
1258 1557 1398 1634 deinceps

64 1667 291 1732 enumerantur,
319 1666 350 1717 et
371 1658 536 1730 adiutores,
564 1657 679 1717 scilicet
700 1657 758 1717 dno
786 1659 902 1718 librarii
929 1659 1074 1736 principis
1100 1659 1130 1717 in
1157 1658 1216 1718 tine
1244 1659 1399 1737 adscripti.

65 1757 236 1819 Librarium
259 1761 403 1837 principis
428 1778 570 1820 noramns
597 1779 636 1820 ex
662 1759 750 1819 titulo
774 1761 1022 1839 Argentoratensi
1043 1759 1239 1821 Henaeuiano
1261 1781 1290 1820 n.
1307 1761 1399 1835 6778,

65 1861 231 1921 adiutorem
253 1862 397 1939 prinpris
419 1881 457 1922 ex
480 1860 604 1922 Oascnsi
618 1861 706 1934 VIII,
727 1861 808 1922 4332
837 1863 889 1938 (cf.
911 1863 988 1942 Eph.
1005 1861 1051 1922 IV
1074 1882 1103 1940 p.
1121 1861 1211 1938 232);
1239 1864 1298 1922 iam
1321 1849 1398 1924 refu-

65 1971 131 2022 tata
145 1965 315 2024 coniectura
336 1983 403 2023 mea
425 1965 461 2023 de
483 1964 531 2024 his
546 1964 733 2024 adiutoribus
754 1964 873 2042 prolata
894 1965 914 2024 l.
931 1984 955 2025 c.
972 1985 1000 2044 p.
1013 1963 1074 2024 228
1098 1966 1264 2025 adiutorem
1279 1985 1347 2025 eum
1369 1975 1399 2026 et

64 2065 222 2125 librarium
238 2086 305 2126 eum
327 2085 385 2126 non
400 2068 459 2126 nisi
473 2067 591 2127 nomine
606 2066 724 2126 differre
740 2067 932 2144 intellegitur.
965 2067 1049 2127 Bene
1064 2078 1162 2128 antem
1177 2068 1293 2128 monuit
1306 2069 1399 2128 Poul-

65 2166 125 2226 lius
140 2168 180 2226 M.
191 2169 347 2228 Aurelium
362 2168 519 2243 Licinium,
535 2188 623 2246 qnam
638 2169 686 2228 hic
701 2170 845 2229 habemus
861 2171 937 2229 inter
949 2170 1086 2247 optiones
1102 2171 1234 2248 quinque
1248 2170 1299 2246 qui
1315 2172 1399 2232 tabu·

64 2269 175 2328 larium
197 2271 373 2344 refecerunt,
395 2272 491 2331 redire
512 2272 543 2329 in
567 2269 753 2332 Gemelleusi
774 2292 803 2330 n.
821 2271 902 2332 2482
924 2273 994 2331 anni
1010 2271 1085 2344 2533
1112 2273 1138 2331 is
1160 2291 1226 2332 cum
1249 2273 1399 2350 optionem

64 2372 212 2450 principis
234 2373 384 2433 diversum
406 2374 548 2445 nominet,
569 2371 720 2434 Licinium
743 2381 843 2433 autem
865 2373 942 2434 nude
957 2374 1117 2450 optionem,
1141 2383 1209 2434 ante
1224 2373 1399 2435 Lambaesi-

65 2482 185 2547 tanum,
213 2475 347 2535 sednon
373 2476 468 2534 multo
495 2483 562 2534 ants
590 2476 742 2536 dedicatus
770 2477 810 2535 sit
837 2493 959 2536 necesse
987 2486 1042 2535 est.
1089 2475 1195 2554 Itaque
1219 2477 1399 2537 instauratio

66 2575 208 2636 tabularii
223 2575 448 2637 Lambaesitani
463 2578 622 2638 coniuncta
635 2577 692 2638 tuit
712 2597 779 2638 cnm
799 2579 987 2638 restitutione
1002 2578 1127 2655 legionis
1140 2579 1238 2656 ipsius
1253 2579 1332 2638 facta
1345 2580 1399 2638 im·

65 2689 191 2756 perante
205 2679 368 2740 Valeriano
390 2689 419 2739 et
440 2697 511 2758 pars
534 2680 596 2740 eius
618 2689 649 2739 et
670 2681 803 2757 sequela.
851 2679 987 2740 Titulum
1009 2682 1185 2758 primarium
1212 2681 1315 2741 eodem
1337 2681 1399 2740 iere

65 2791 200 2860 tempore
223 2783 366 2858 scriptum
388 2800 457 2842 esse
479 2793 569 2859 utque
591 2803 619 2842 n.
637 2781 728 2854 2554,
752 2783 863 2860 quippe
883 2785 915 2842 in
936 2802 996 2860 quo
1018 2783 1141 2842 redeant
1162 2783 1251 2842 iidem
1267 2785 1399 2861 quinque

65 2885 216 2960 optiones,
239 2884 310 2944 olim
332 2871 524 2945 observatum
539 2894 599 2958 est;
622 2885 742 2963 quando
757 2885 860 2964 scripti
876 2885 946 2958 sint,
969 2885 1066 2945 adhuc
1080 2885 1243 2962 ignoratur.
1272 2884 1331 2945 ΤΗ.
1343 2885 1398 2964 Μ.]

68 3219 136 3282 710
158 3222 189 3281 in
204 3241 257 3280 ara
279 3223 341 3282 alta
362 3223 498 3296 m.1,04,
520 3223 583 3283 lata
604 3224 686 3298 0,86,
707 3241 812 3284 crassa
825 3225 907 3298 037,
929 3224 1088 3300 litt.0,11;
1111 3224 1401 3286 effossa-Lambaesi

110 3324 149 3382 ad
170 3326 363 3401 praetorium.

639 3430 659 3468 a
702 3428 720 3468 n
762 3430 781 3469 Α

601 3528 870 3571 DlSClPllNAE

64 3670 235 3746 Descripsi
278 3670 385 3729 Poulle
406 3689 462 3730 rac.
486 3671 521 3729 de
543 3670 639 3730 Cenat.
656 3671 752 3730 XXII
775 3671 885 3748 (1883)
909 3694 936 3750 p.
955 3673 1013 3733 369
1037 3693 1066 3732 n.
1085 3673 1153 3732 119.

113 3771 233 3832 Similes
257 3781 326 3832 sunt
347 3772 483 3832 assas.
503 3771 612 3844 10657,
635 3775 704 3833 item
728 3774 901 3834 Britannica
917 3774 986 3848 Vll,
1010 3773 1079 3834 896.

432 3945 581 3955 ——-——-—·—

66 4071 128 4134 7¹1
156 4091 219 4149 rep.
239 4072 396 4133 Lambaesi
420 4075 457 4132 ad
480 4075 662 4151 praetorium
685 4075 826 4136 Poenus.
871 4075 959 4136 Nunc
981 4079 1013 4136 in
1035 4077 1101 4154 ipso
1127 4078 1276 4153 praetorio
1298 4077 1399 4136 adser-

112 4184 206 4233 vatur.

643 4277 662 4318 o
686 4278 701 4318 s
724 4280 745 4319 Ν
769 4281 776 4318 ι
801 4277 823 4319 0

642 4380 824 4422 saevis

644 4481 823 4524 Parnes

643 4584 712 4624 Ml
751 4584 824 4624 NE

582 4688 592 4722 b
643 4685 717 4725 RV
752 4687 824 4726 ΑΕ

644 4786 825 4828 AVGVS

63 4928 236 5002 Descripsi.
279 4927 387 4987 Poulle
407 4947 463 4988 rec.
488 4931 522 4988 de
547 4928 642 4990 Cenat.
658 4930 753 4990 XXII
777 4932 888 5008 (1883)
911 4952 939 5008 p.
957 4932 1017 4991 367
1039 4951 1068 4992 n.
1087 4935 1154 4991 114.

111 5027 317 5104 [Tabularinm
340 5039 456 5088 etcum
479 5049 514 5090 eo
537 5033 694 5091 coniuncta
715 5033 835 5109 negotia
857 5033 983 5111 principi
1006 5034 1134 5110 legionis
1152 5036 1312 5094 commissa
1332 5053 1401 5096 csse

60 5130 188 5190 aliunde
209 5149 327 5208 quoque
350 5135 520 5206 constabat3
545 5153 571 5193 v.
589 5154 666 5212 qnae
681 5136 808 5212 exposui
831 5137 861 5194 in
883 5137 938 5210 hac
954 5135 1030 5212 Eph.
1048 5135 1093 5196 IV
1115 5157 1144 5214 p.
1162 5135 1231 5197 232.
1265 5137 1401 5197 Minerva

59 5235 124 5292 dea
147 5239 194 5290 est
215 5243 247 5292 ut
267 5233 467 5295 litteratorum
489 5237 532 5296 ita
553 5237 726 5296 scribarum.
762 5237 821 5295 Tn.
837 5237 892 5312 M.]

152 5351 189 5411 V.
1136 5358 1174 5416 26
