3502 5834
115 557 166 606 arc
566 551 768 604 enormem
794 549 1001 602 urracam.
1378 530 1424 600 27
1431 530 1450 598 7

530 653 996 662 —-.—-—--.-—1......——-..-

159 730 239 786 Ante
262 747 289 786 v.
310 729 323 784 l
349 729 379 785 in
401 737 509 802 ectypo
532 735 612 784 certe
633 727 764 801 quinque
780 743 919 784 versuum
936 725 1063 802 vestigia
1085 723 1291 800 dispiciuntur.
1306 754 1344 764 -
1359 720 1451 780 Vr.l

117 833 182 888 —4
205 848 281 906 quae
303 829 371 886 dedi
394 829 537 904 pleraque
557 846 663 905 parum
686 837 767 886 certa
788 834 865 886 sunt.
890 861 926 869 -
955 827 990 885 19
1014 842 1042 884 ra
1063 825 1179 884 litteras
1202 825 1298 900 primo
1323 824 1452 883 omissas

114 933 242 1009 posthac
267 931 477 1006 quadratarius
499 932 591 988 verbo
619 931 699 1006 quod
727 940 773 988 est
804 941 944 988 consutos
973 927 1088 988 videtur
1115 927 1378 1003 superscripsisse.
1415 957 1452 968 -

116 1033 152 1091 at
173 1035 222 1092 fin.
246 1041 315 1092 ante
337 1041 367 1091 et
388 1043 458 1110 post
479 1033 594 1091 litteras
619 1048 651 1089 ss
676 1033 775 1108 spatia
797 1040 903 1090 vacant
924 1041 1047 1108 propter
1069 1030 1179 1107 lapidis
1202 1029 1282 1087 vitia.

159 1133 277 1212 Scripta
299 1145 344 1194 est
366 1136 474 1193 litteris
498 1153 557 1192 non
573 1135 738 1210 quadratis,
763 1135 817 1192 sed
838 1134 1014 1206 uncialibus,
1037 1132 1177 1210 qualibus
1200 1131 1314 1189 librarii
1331 1131 1453 1190 uteban-

114 1247 173 1308 tur,
201 1243 232 1296 ut
255 1237 368 1296 codicis
391 1237 591 1312 antiquissimi
619 1238 747 1314 paginae
773 1236 822 1292 liic
851 1235 928 1311 lapis
952 1236 1031 1293 vices
1058 1235 1155 1292 facere
1181 1234 1288 1311 possit.
1333 1230 1453 1292 Subieci

114 1341 268 1417 specimen
289 1341 455 1417 scripturae
473 1359 520 1398 vv.
540 1339 671 1410 11-14,
687 1339 756 1395 item
774 1337 963 1414 alphabetum
981 1346 1010 1395 et
1024 1337 1190 1394 litterarum
1206 1335 1450 1413 contignationes.

161 1506 364 1642 bitrem!
385 1527 579 1613 mester
601 1511 785 1644 patilo
815 1519 901 1608 rut
931 1513 1307 1608 latetmouet

181 1651 380 1781 lucrop
402 1670 464 1745 ετ
481 1658 700 1771 exopgpe
724 1655 938 1778 potttsx
970 1640 1160 1754 beru]
1195 1645 1331 1779 epten

143 1791 392 1888 wudetun
410 1793 683 1914 errupmat
705 1791 1019 1922 <cecropem
1039 1783 1425 1890 luximusauuu

187 1916 503 2053 craumelle
528 1929 939 2056 campotuorrpa
951 1927 1314 2045 mapurrecuu

134 2161 1433 2336 ecclesariumpopaofnasrnx

340 2439 439 2596 >el
509 2440 608 2602 pa
674 2459 747 2580 ΓΟ
952 2468 1076 2588 6²<
1160 2469 1227 2597 ss'

156 2687 375 2763 Intelleguutur
397 2690 486 2749 baec:

319 2848 330 2886 s
374 2829 502 2888 Etcum
526 2837 657 2889 maturas
681 2840 797 2910 segetes
820 2833 1004 2910 produxerat
1025 2849 1131 2902 annus,

421 2932 587 2991 Demessor
608 2932 714 2991 calami
737 2934 833 3010 tu[n]c
856 2954 911 3013 ego
934 2937 1047 3012 primus
1070 2953 1160 2993 cram.

370 3033 523 3092 Falcifera
546 3053 612 3094 cum
636 3045 734 3094 turma
756 3037 849 3094 virum
873 3048 1061 3112 processerat
1082 3037 1163 3096 arria

422 3135 482 3197 Seu
506 3135 607 3196 Cirtae
630 3139 775 3198 nomadas
802 3158 854 3198 seu
876 3139 959 3198 Iovis
981 3159 1055 3198 arva
1076 3149 1191 3217 petens,

369 3237 534 3299 Demessor
557 3249 677 3300 cunctos
699 3243 849 3300 anteibam
871 3243 985 3317 primus
1008 3243 1038 3299 in
1060 3242 1140 3300 arnis

301 3359 325 3397 lo
423 3341 485 3400 Poe
507 3353 608 3421 tergus
633 3344 768 3402 lincuens
792 3344 884 3402 densa
905 3364 1002 3403 meum
1024 3345 1146 3421 gremia.

370 3443 424 3502 Bis
448 3462 538 3504 senas
561 3463 675 3505 messes
697 3447 803 3504 rabido
827 3447 882 3506 sub
904 3447 968 3506 sole
991 3447 1118 3518 totondi,

423 3545 536 3605 Ductor
558 3560 588 3606 et
610 3568 649 3607 ex
672 3567 761 3624 opere
783 3556 890 3626 postea
910 3549 1006 3608 factus
1030 3569 1119 3608 eram.

368 3646 513 3706 Undecim
537 3659 567 3706 et
588 3659 703 3709 turmas
726 3669 891 3710 messorum
915 3652 1055 3711 duximus
1078 3650 1192 3726 ann[is]

419 3750 459 3807 Et
481 3749 631 3809 Numidae
655 3771 777 3830 campos
800 3763 904 3812 nostra
926 3772 1032 3812 manus
1055 3755 1157 3811 secuit.

300 3869 324 3906 rs
367 3851 426 3908 Hic
448 3852 534 3912 labor
557 3863 586 3912 et
607 3855 669 3912 vita
691 3873 784 3931 parvo
806 3855 973 3931 ann[ten]ta
995 3856 1095 3914 valere

369 3953 409 4010 Et
431 3955 583 4014 dominum
605 3955 702 4014 fecere
724 3957 829 4016 domus
852 3967 881 4016 et
902 3957 974 4015 villa
995 3965 1100 4034 parata
1123 3955 1209 4031 (e)st,

420 4057 460 4114 Et
481 4058 573 4116 nullis
597 4059 704 4134 opibus
727 4059 842 4136 indiget
865 4059 932 4136 ipsa
953 4059 1067 4118 domus.

368 4158 408 4214 Et
429 4169 532 4218 nostra
554 4161 616 4218 vita
638 4161 753 4219 fructus
775 4162 908 4238 percepit
930 4162 1087 4232 bonorum,

419 4261 500 4320 inter
522 4263 707 4322 conscribtos
731 4263 858 4322 scribtus
882 4271 910 4320 et
932 4264 998 4339 ipse
1020 4264 1073 4320 sui.

299 4380 325 4420 m
369 4363 494 4422 Ordinis
517 4365 547 4422 in
570 4365 682 4440 templo
705 4366 839 4424 delectus
862 4366 899 4423 ab
922 4366 1025 4422 ordine
1048 4365 1112 4422 sedi

417 4465 457 4523 Et
480 4466 516 4524 de
538 4467 682 4525 rusticulo
705 4485 812 4525 censor
835 4479 865 4525 et
886 4467 950 4544 ipse
972 4467 1024 4525 fui.
1054 4529 1056 4534 ,
1113 4495 1116 4501 ·

369 4565 408 4623 Et
430 4569 518 4645 genui
542 4579 571 4626 et
592 4569 653 4626 vidi
676 4569 799 4628 iuvenes
821 4568 977 4644 crev[is]se
1000 4579 1133 4644 nepotes.

368 4667 457 4728 Vitae
480 4690 534 4746 pro
557 4671 669 4729 meritis
693 4673 792 4730 claros
814 4672 1014 4748 transegimus
1037 4691 1142 4744 annos,

419 4770 504 4844 Quos
526 4773 609 4831 nullo
632 4773 737 4850 lingua
758 4774 880 4832 crimine
905 4773 991 4832 laesit
1012 4781 1111 4832 atrox.

298 4888 323 4929 an
366 4872 483 4932 Discite
507 4875 650 4934 mortales
673 4877 737 4935 sine
761 4877 884 4936 crimine
907 4875 1014 4953 degere
1035 4878 1141 4936 vitam!

420 4974 469 5036 Sic
492 4977 609 5050 meruit,
632 4979 708 5038 vixit
729 4980 779 5055 qui
803 4981 866 5037 sine
888 4979 1002 5052 fraude,
1024 4981 1109 5038 mori.

153 5127 185 5200 [8
209 5127 342 5185 notabile
365 5129 469 5187 estad
493 5127 606 5187 Cirtam
628 5127 790 5188 Numidiae
812 5130 862 5205 (cf.
879 5151 906 5188 v.
923 5131 974 5206 14)
996 5149 1145 5190 messores
1175 5133 1218 5189 ire
1244 5133 1349 5191 solitos
1377 5152 1444 5192 esse

103 5229 157 5288 vel
189 5247 228 5284 ex
261 5229 414 5303 provincia
443 5231 619 5307 Byzacena3
657 5240 689 5288 ut
720 5230 880 5290 Suetonius
901 5233 992 5311 Vesp.
1018 5233 1033 5290 I
1071 5253 1228 5310 operarum
1262 5235 1443 5294 mentionem
