3450 5842
311 501 382 572 626
883 522 1065 575 atomusnu

308 695 415 772 primo,
438 694 566 771 denique
587 695 752 772 imperante
768 693 916 756 Gratiano
939 695 1071 754 declarat
1085 697 1257 756 constitutio
1279 693 1327 771 (0.
1341 695 1400 755 Th.
1420 698 1449 767 l,
1467 696 1496 767 6,
1513 697 1548 773 8)
1564 697 1645 757 huius

308 797 497 875 imperatoris
520 797 591 856 data
611 797 774 857 Mediolani
802 799 829 858 d.
846 796 883 855 22
900 795 981 858 Nor.
1004 818 1031 857 a.
1047 798 1107 858 382
1135 799 1174 856 ad
1196 798 1326 858 Bassum
1352 799 1543 876 praefectum
1570 800 1644 858 nrbis

308 899 396 958 haec:
420 899 636 975 apparitoribus
659 903 713 958 tuis
736 904 879 972 stationes,
902 920 975 976 qaas
998 901 1119 960 babaere
1141 905 1309 978 antiquitas,
1331 906 1485 960 statuimus
1508 919 1570 959 esse
1585 904 1644 959 red·

309 1001 431 1060 dendus:
459 1005 546 1077 ipitur
563 1005 689 1078 pristino
712 1021 787 1060 more
808 1014 918 1061 seruato
940 1004 982 1060 ad
1002 1009 1094 1061 omnes
1112 1006 1294 1079 provincias,
1324 1022 1398 1080 qaas
1420 1005 1468 1061 ael
1494 1005 1557 1062 diei
1580 1002 1644 1064 Con·

308 1106 428 1161 stamini
448 1108 606 1162 constitutio
629 1105 754 1174 dederat,
776 1107 820 1162 cet
835 1103 948 1162 Probas
970 1109 1014 1163 uir
1035 1105 1158 1164 illustris
1179 1105 1375 1181 (intellegitur
1390 1103 1465 1166 Sex.
1481 1105 1642 1165 Petronius

307 1205 425 1264 Probus
440 1207 608 1282 praefectus
625 1206 775 1280 praetorio
791 1205 897 1264 Italiae
912 1206 1006 1265 atos
1018 1241 1055 1250 —
1066 1225 1090 1264 c.
1101 1205 1173 1282 375)
1186 1210 1329 1283 peroniaco
1344 1208 1401 1264 sibi
1415 1227 1436 1264 a
1447 1217 1541 1283 patre
1555 1219 1643 1266 aostm

308 1307 536 1382 (Valentiniano
563 1308 578 1365 I
606 1327 632 1365 a.
651 1307 837 1382 aot-375)
861 1319 1000 1384 potestate
1028 1310 1207 1379 reddiderat,
1236 1311 1389 1384 praecelsa
1416 1313 1572 1368 sinceritas
1600 1320 1644 1368 tua

303 1413 449 1486 princpes
472 1411 632 1468 destinabit.
677 1409 738 1467 Eae
762 1410 932 1485 provinciae
955 1429 1100 1487 quaenam
1124 1411 1233 1468 luerint
1254 1429 1321 1468 eum
1342 1411 1373 1468 in
1395 1413 1573 1470 coniectura
1597 1431 1644 1486 po·

307 1512 396 1569 situm
418 1513 470 1582 sit,
498 1531 557 1570 uon
579 1513 678 1587 inepte
699 1511 877 1588 cogitabitur
898 1513 935 1570 de
957 1513 1009 1584 iis,
1039 1533 1055 1568 e
1077 1513 1186 1588 quibus
1210 1512 1431 1589 appellationes
1454 1514 1494 1571 ad
1516 1515 1643 1589 praelec-

306 1622 367 1672 tum
390 1614 455 1672 urbi
478 1614 698 1685 deferebantur,
719 1632 785 1672 cum
808 1614 984 1689 praesertim
1005 1615 1034 1672 in
1050 1615 1087 1672 iis
1103 1613 1280 1672 deliniendis
1295 1615 1366 1672 item
1382 1615 1550 1674 admodum
1566 1615 1642 1692 leges

307 1716 451 1774 variarint
462 1715 501 1791 1),
521 1716 610 1775 modo
625 1715 839 1802 constituentes
855 1715 892 1774 ad
908 1716 1088 1793 praefectum
1105 1717 1187 1775 urbis
1201 1715 1317 1774 Minae
1332 1725 1362 1774 et
1375 1733 1484 1776 rursus
1497 1715 1643 1776 Constan-

305 1817 521 1895 tinopolitanae
543 1818 759 1893 appellationes
782 1835 841 1875 non
863 1819 1022 1894 pertinere,
1047 1817 1135 1877 modo
1158 1817 1243 1876 illum
1265 1818 1482 1896 appellandum
1507 1831 1643 1879 essesut

306 1939 344 1978 ex
369 1921 460 1978 ltalia
482 1921 548 1979 sola
570 1929 621 1977 aut
643 1925 797 1995 praeterea
825 1939 862 1978 ex
885 1921 974 1979 certis
1001 1921 1162 1996 provinciis
1189 1920 1414 1992 transmarinis,
1448 1921 1642 1998 similiterque

305 2021 497 2099 disponentes
519 2022 556 2080 de
577 2022 729 2099 praelecto
752 2020 866 2080 Romae
888 2040 992 2081 novae.
1021 2055 1061 2064 -
1086 2022 1259 2081 Posteriore
1281 2031 1378 2081 aetate
1402 2023 1595 2099 aliquamdiu
1616 2026 1642 2082 ni

304 2123 392 2182 tollor
412 2141 460 2181 res
483 2124 526 2181 ita
548 2123 742 2201 aequabiliter
765 2124 975 2183 administrata
996 2134 1050 2198 est,
1074 2133 1106 2184 ut
1126 2125 1320 2203 magistratus
1339 2125 1390 2201 qui
1404 2125 1529 2202 imperii
1544 2136 1641 2204 partes

304 2227 547 2285 administrarent
568 2226 732 2303 principem
755 2226 898 2284 baberent
919 2226 956 2286 de
979 2244 1033 2284 suo
1056 2227 1183 2303 quisque
1210 2227 1323 2297 officio,
1351 2236 1458 2286 conus
1484 2229 1641 2305 magistra·

304 2329 384 2388 tibus
406 2328 588 2388 dioecesium
610 2339 640 2386 et
661 2327 879 2404 provinciarum
905 2329 1045 2406 princeps
1073 2329 1264 2406 deputaretur
1290 2347 1328 2387 ex
1355 2329 1465 2388 schola
1490 2331 1640 2407 agentium

304 2431 335 2488 in
356 2431 454 2503 rebus,
476 2450 554 2508 quas
581 2431 706 2506 parebat
731 2431 875 2507 magistro
904 2429 1079 2490 officiorum.
1131 2429 1241 2507 Coepit
1265 2429 1295 2490 id
1321 2430 1456 2490 fortasse
1481 2433 1543 2490 snb
1568 2430 1640 2491 Con·

304 2533 429 2605 stantio;
458 2552 527 2592 nam
549 2541 671 2610 agentes
696 2533 727 2590 in
750 2534 840 2592 rebus
867 2551 1047 2609 quamquam
1074 2533 1195 2591 fueraut
1221 2533 1279 2590 iam
1307 2533 1364 2592 snb
1387 2530 1640 2609 fflnsnnunot),

304 2634 359 2693 snb
380 2635 443 2692 filio
468 2635 585 2693 demum
614 2635 651 2692 ad
680 2653 744 2694 eam
771 2635 933 2711 potentiam
964 2635 1100 2693 ridentur
1126 2635 1269 2705 crevisse,
1302 2653 1392 2711 qnam
1420 2635 1568 2713 deinceps
1593 2636 1640 2694 ob

302 2737 469 2808 tinuernnt3
491 2744 569 2796 certe
590 2755 656 2794 cum
680 2737 792 2814 scripta
813 2743 861 2796 est
875 2735 992 2795 Notitia
1008 2736 1195 2816 Dignitatem
1212 2736 1370 2813 incipiente
1386 2737 1512 2796 saeculo
1528 2737 1639 2815 quinto,

301 2839 329 2896 is
352 2847 447 2898 status
469 2839 597 2897 obtinuit
617 2839 647 2896 in
671 2839 805 2914 partibus
820 2837 992 2898 Occidentis
1014 2839 1199 2915 eundemque
1221 2848 1308 2898 antea
1322 2839 1414 2898 etiam
1429 2839 1462 2897 in
1477 2837 1638 2898 Occidente

301 2940 465 3000 obtinuisse
486 2959 525 3000 ex
547 2941 616 3018 ipsa
636 2941 825 3018 aliquatenus
847 2941 925 2999 effici
946 2949 1054 3018 potest.

340 3041 446 3102 Priore
467 3043 534 3102 loco
556 3043 637 3120 quod
663 3042 888 3116 adseveramus,
914 3041 1034 3102 Notitia
1055 3043 1243 3120 Dignitatem
1271 3062 1306 3103 eo
1329 3041 1536 3118 demonstrat,
1563 3044 1637 3121 qnod

299 3145 459 3220 praelectis
481 3146 642 3221 praetorio,
665 3145 823 3220 praefectis
846 3145 930 3204 urbis
946 3145 1060 3204 Romae
1083 3154 1112 3204 et
1127 3142 1462 3224 Constantinopolis3),
1485 3146 1635 3224 magistris

299 3247 465 3322 militamt)
492 3248 631 3326 princeps
658 3247 777 3306 additur
802 3247 895 3318 nude,
921 3249 1033 3325 pariter
1059 3256 1149 3324 atque
1175 3249 1208 3306 fit
1233 3249 1264 3306 in
1292 3248 1417 3325 reliquis
1445 3248 1634 3318 officialibus,

298 3366 373 3424 quos
396 3356 515 3407 constm
536 3349 565 3406 in
588 3367 810 3426 unoquemque
832 3348 931 3408 officio
953 3368 1007 3425 per
1029 3351 1140 3428 gradus
1163 3351 1353 3410 adscendere.
1400 3350 1568 3410 Praeterea
1588 3369 1633 3410 ne·

298 3469 358 3526 que
379 3450 490 3510 indicia
511 3458 675 3528 suppetunt
697 3451 761 3510 eius
782 3451 840 3510 loci
863 3451 1013 3528 principes
1035 3471 1073 3512 ex
1089 3453 1244 3530 agentibus
1258 3453 1289 3512 in
1303 3453 1393 3512 rebus
1409 3453 1509 3512 lectos
1526 3451 1631 3526 essait),

357 3729 380 3793 ¹)
399 3731 688 3797 Bethmann-Hollweg
716 3729 883 3798 Ciaiiprocess
903 3731 919 3780 3
939 3748 964 3796 p.
979 3732 1022 3782 63.
1037 3733 1081 3782 ot.

355 3821 380 3886 ²)
399 3824 577 3874 Memorantur
596 3825 622 3874 in
643 3825 697 3889 lege
715 3841 739 3874 a.
752 3824 805 3874 319
826 3824 855 3874 C.
871 3825 920 3874 Th.
936 3825 960 3886 6,
983 3825 1025 3885 35,
1048 3825 1073 3874 3.

354 3914 378 3977 ³)
398 3917 546 3966 Laterculus
565 3917 640 3966 huius
659 3917 781 3982 praefecti
801 3916 897 3966 excidit
915 3933 947 3966 ex
961 3917 1063 3967 Notitia
1076 3916 1201 3980 Orientis;
1221 3917 1266 3966 sed
1285 3917 1358 3966 adest
1376 3917 1503 3980 gemellus
1517 3919 1545 3968 in
1557 3917 1628 3966 altera

296 4007 451 4060 Occidentis.

353 4099 379 4162 ⁴)
398 4100 441 4151 De
459 4102 581 4166 magistro
601 4101 715 4167 equitum
735 4115 780 4166 per
799 4099 899 4152 Gallias
918 4101 987 4151 iufra
1006 4103 1110 4152 dicetur.

357 4191 380 4254 ⁵)
399 4193 460 4243 Non
480 4195 566 4244 obstat
584 4195 678 4258 opinor
696 4193 843 4243 constitutio
863 4208 886 4242 a.
902 4193 953 4243 968
975 4193 1014 4255 (C.
1030 4195 1080 4244 Th.
1102 4197 1125 4257 l,
1144 4195 1188 4256 29,
1206 4193 1249 4256 4),
1274 4207 1326 4258 qua
1349 4193 1535 4244 constitutione
1553 4193 1626 4244 adid

296 4285 366 4351 qnod
385 4286 472 4350 paullo
491 4293 551 4336 ants
570 4293 709 4336 sanxerant
727 4286 894 4350 imperatorer
914 4285 1073 4336 defensorem
1092 4287 1202 4336 civitatis
1221 4287 1301 4336 creari
1317 4301 1392 4350 posse
1405 4288 1449 4351 qni
1463 4287 1627 4352 principatum

294 4378 413 4443 gessisset
430 4379 499 4444 apud
517 4378 674 4443 praetectum
693 4378 822 4442 praetorio
842 4377 1011 4441 vicariurnve,
1036 4379 1139 4429 additur
1158 4379 1219 4428 item
1239 4379 1298 4443 eligi
1322 4378 1399 4428 licere
1425 4379 1471 4445 qui
1495 4395 1526 4429 er
1548 4377 1628 4429 sciolo

296 4476 410 4536 apennini
428 4470 455 4519 in
474 4468 548 4520 rebus
567 4468 623 4522 aedi
641 4469 761 4531 (traditur
780 4467 856 4531 setin)
878 4469 992 4520 culminis
1010 4472 1090 4520 cesai
1108 4470 1214 4532 (scilicet
1232 4471 1362 4535 praefecto
1376 4471 1519 4535 praetorio)
1539 4485 1626 4520 munrre

291 4563 453 4629 princpatua
471 4570 557 4613 nostro
577 4561 755 4629 quodammodo
774 4562 871 4612 nomine
887 4563 1029 4629 paruerint.
1058 4562 1146 4614 Verbti
1163 4563 1226 4613 haec
1245 4564 1463 4628 interpretationis
1476 4577 1568 4628 parurn
1579 4577 1627 4612 ter·

295 4661 336 4704 tae
356 4661 380 4704 et
399 4655 454 4705 sine
473 4656 552 4706 dnbio
571 4655 697 4705 mendosa
715 4661 830 4719 spectant
849 4656 943 4720 opinor
961 4656 994 4704 ad
1014 4656 1143 4721 principes
1162 4655 1310 4720 praesidum
1330 4656 1496 4719 provinciae,
1516 4657 1560 4721 qui
1579 4669 1625 4704 non

294 4747 379 4812 inepte
399 4748 518 4798 dicuntur
537 4747 665 4813 praefecto
684 4749 814 4812 praetorio
832 4747 960 4812 paruisse,
988 4763 1046 4798 cum
1065 4749 1113 4812 ipsi
1133 4748 1262 4813 praesides
1281 4747 1328 4796 sub
1348 4761 1384 4796 eo
1399 4753 1493 4798 ament.
1535 4747 1625 4798 Eadem

294 4840 471 4904 interpretatio
491 4840 593 4890 videtur
611 4855 686 4903 posse
704 4839 805 4889 admitti
829 4840 890 4888 item
917 4839 959 4888 ubi
984 4840 1132 4890 constitutio
1157 4855 1179 4890 a.
1194 4841 1248 4890 449
1274 4838 1458 4900 (nomvalent.
1472 4839 1517 4889 111
1536 4841 1572 4890 tit.
1586 4841 1625 4900 ut,

296 4929 362 4992 1,1)
382 4940 509 4984 memorat
527 4946 571 4982 eos
591 4931 634 4996 qni
653 4947 685 4981 ox
705 4932 793 4982 schola
812 4933 940 4997 agentium
959 4932 987 4982 in
1006 4933 1081 4982 rebus
1100 4931 1135 4981 ad
1157 4930 1276 4997 obsequia
1289 4929 1471 4997 praefecturae
1488 4932 1625 4998 proctam-

293 5037 342 5072 nae
358 5031 417 5089 port
435 5024 535 5089 infinita
554 5022 701 5074 discrimina
719 5030 744 5073 et
762 5030 906 5090 conrampta
926 5025 1017 5074 aetatis
1033 5031 1108 5091 parte
1127 5023 1228 5074 meliore
1247 5023 1414 5088 perveniunt,
1435 5038 1483 5074 nec
1502 5025 1585 5074 minna
1601 5024 1625 5072 ia

294 5115 410 5179 epistulis
428 5116 634 5167 Cassiodorianis
654 5117 680 5177 6,
694 5117 725 5166 6:
750 5116 858 5182 officiam
877 5117 930 5167 eius
949 5117 1074 5181 (magistri
1094 5115 1249 5177 officiorum)
1269 5121 1342 5165 tanta
1360 5116 1432 5181 ponii
1447 5115 1624 5183 praerogativa

294 5203 436 5269 decorabo,
457 5215 485 5257 at
503 5207 608 5260 militiae
621 5206 771 5278 perfunctas
788 5207 930 5261 raumribaa
949 5215 1052 5260 ornetur
1070 5209 1167 5260 nomine
1179 5207 1345 5277 principatus
1356 5208 1469 5278 miroque
1481 5207 1553 5260 nodo
1566 5207 1625 5258 iuter
