3518 5828
479 491 782 545 OBSERVATIONES
801 491 1090 544 EPIGRAPHICAE.
1385 476 1455 546 119

162 665 282 726 Cohors
304 664 426 741 igiturl
448 665 563 724 urbana
584 673 660 723 teste
682 664 770 724 titulo
790 663 854 722 n.5
877 663 986 722 Flavia
1006 664 1071 736 fuit,
1094 664 1124 722 id
1147 673 1193 722 est
1215 666 1350 726 instituta
1365 669 1458 745 impe·

116 769 257 828 rantibus
280 767 411 839 Flauiis,
438 783 563 842 cumque
585 773 661 823 teste
683 766 770 824 titulo
792 767 856 823 n.3
885 767 945 823 iam
972 785 999 824 a.
1018 765 1054 822 73
1082 767 1227 838 extiterit,
1251 767 1456 844 Vespasianus

116 888 243 930 necesse
265 878 312 928 est
333 887 398 926 eam
414 868 529 926 crearit.
567 867 646 925 Eum
661 885 727 925 cum
742 886 780 925 ex
797 885 896 925 rerum
911 867 1056 924 memoria
1072 875 1186 926 constet
1200 867 1318 928 devicto
1335 869 1455 928 Vitellio

118 974 260 1032 cohortes
282 979 344 1029 tam
366 970 534 1044 praetorias
556 987 646 1044 quam
668 969 797 1027 urbanas
824 969 862 1026 ab
888 969 944 1026 hoc
972 969 1156 1044 conscriptas
1185 979 1400 1030 exauctorasse
1426 979 1457 1030 et

117 1085 214 1133 totum
237 1074 294 1130 hoc
316 1072 443 1130 militum
465 1088 559 1146 genus
583 1089 661 1128 nora
682 1071 798 1128 ratione
820 1066 1057 1144 ordinavissc¹),
1084 1071 1148 1127 eius
1171 1071 1368 1131 ordinationis
1391 1073 1456 1132 sine

119 1178 210 1236 dubio
232 1193 304 1253 para
325 1173 381 1231 luit
402 1173 542 1230 cohorsI
563 1172 601 1230 ab
623 1191 658 1230 eo
679 1173 826 1230 instituta.
865 1172 1012 1229 hlansisse
1035 1190 1101 1229 eam
1123 1181 1203 1231 certe
1225 1173 1262 1231 ad
1279 1174 1390 1232 saeculi
1405 1173 1454 1231 lll

117 1280 236 1337 initium
252 1276 402 1352 colligitur
417 1293 454 1332 ex
471 1275 558 1332 titulo
573 1294 602 1332 n.
616 1273 644 1345 2,
667 1273 716 1332 uhi
734 1277 912 1350 cognomine
927 1274 1021 1331 utitur
1033 1273 1264 1335 Antoninianae.
1283 1307 1320 1317 —-
1345 1273 1454 1334 Castra

118 1380 168 1439 ubi
191 1379 329 1438 habuerit
355 1377 380 1434 si
403 1377 589 1452 quaerimus,
615 1382 702 1455 extra
724 1373 850 1432 Romam
873 1392 909 1432 ea
933 1374 1027 1432 luisse
1053 1375 1122 1431 inde
1149 1376 1343 1454 intellegitur,
1371 1376 1452 1452 quod

117 1482 230 1541 tribuni
252 1479 370 1556 quidem
394 1488 424 1536 et
445 1477 587 1549 veterani,
611 1476 662 1535 sed
686 1493 723 1533 ne
745 1493 820 1534 uuus
835 1475 955 1550 quidem
971 1475 1074 1534 militis
1089 1476 1154 1534 eius
1175 1478 1281 1537 titulus
1297 1479 1338 1536 ibi
1353 1497 1452 1554 reper-

116 1599 165 1643 tus
194 1589 250 1640 est.
299 1581 395 1638 lnrmo
422 1578 532 1636 indicia
558 1577 618 1636 alia
640 1575 839 1653 Lugudunum
867 1577 992 1648 ducunt,
1019 1577 1080 1634 alia
1102 1575 1323 1656 Carthaginem.
1372 1578 1450 1638 Nam

115 1683 276 1761 Luguduni
298 1681 409 1758 prodiit
432 1680 536 1738 titulus
559 1679 662 1737 militis
685 1697 713 1736 n.
729 1679 764 1748 5,
794 1679 903 1755 quique
930 1687 1149 1738 monumentum
1178 1681 1233 1739 sibi
1260 1681 1331 1740 fecit
1357 1699 1450 1757 prope

117 1785 273 1847 Genavam
293 1783 324 1840 in
339 1781 493 1859 provincia
508 1780 700 1839 Narbonensi
719 1789 854 1838 extrema
875 1783 1009 1838 centurio
1031 1800 1059 1838 n.
1077 1783 1105 1850 3,
1127 1781 1154 1840 is
1169 1782 1235 1858 ipse
1248 1784 1291 1840 ait
1305 1783 1450 1840 meruisse

116 1907 148 1947 se
171 1887 228 1945 sub
249 1885 357 1961 legatis
374 1883 512 1961 Augusti,
535 1882 705 1957 provinciae
721 1882 834 1940 scilicet
850 1881 1006 1958 proximae
1020 1879 1299 1958 Lugudunensist).
1324 1881 1449 1941 Cartha·

115 1992 184 2066 gine
207 1997 307 2045 autem
330 1985 505 2061 prodierunt
526 1984 604 2042 tituli
626 1983 686 2041 duo
709 2003 736 2042 n.
754 1983 781 2041 8.
799 1984 828 2054 9,
850 1984 880 2040 iu
896 1981 1039 2040 Numidia
1060 1985 1129 2042 ni.
1149 1985 1196 2056 10,
1219 1986 1247 2042 in
1263 1984 1450 2044 Mauretania

115 2112 144 2150 n.
160 2091 190 2148 4.
228 2088 350 2147 Accedit
366 2086 444 2164 quod
460 2086 518 2144 duo
540 2087 650 2144 milites
673 2105 701 2144 n.
718 2085 736 2143 6
759 2084 848 2142 domo
864 2081 1011 2142 Cirtensis
1034 2093 1063 2142 et
1085 2087 1144 2142 n.4
1167 2087 1343 2164 cognomine
1363 2095 1448 2144 utens

114 2193 230 2252 Punico
253 2191 398 2266 originem
425 2207 496 2264 prae
519 2207 552 2246 sc
577 2187 675 2245 ferunt
697 2187 884 2257 Africanam
914 2193 1028 2244 mature
1056 2187 1133 2244 enim
1160 2188 1190 2245 iu
1217 2188 1372 2263 provincia
1397 2188 1448 2263 qui

114 2303 264 2353 mererent
286 2313 325 2351 ex
346 2293 416 2370 ipsa
436 2290 541 2348 delecti
564 2299 646 2359 sunt;
670 2288 738 2346 item
762 2287 843 2364 quod
858 2287 989 2344 veterani
1011 2306 1039 2344 n.
1057 2287 1074 2345 9
1091 2297 1120 2344 et
1138 2287 1173 2344 12
1190 2299 1259 2364 post
1273 2289 1446 2347 missionem

113 2396 269 2455 Madauris
290 2394 337 2452 rel
359 2391 541 2467 Carthagine
567 2391 658 2448 vitam
686 2397 862 2465 exegerunt,
888 2407 957 2446 narn
985 2404 1199 2464 saepenumero
1221 2391 1352 2450 veterani
1378 2399 1448 2466 post

113 2498 288 2557 missionem
311 2497 340 2552 in
364 2494 519 2570 provincia
541 2493 590 2550 ubi
614 2491 776 2550 militarunt
798 2490 898 2549 sedem
922 2489 1138 2548 stabiliverunt.

155 2597 246 2658 Cadit
267 2597 358 2674 igitur
379 2598 409 2654 in
432 2595 583 2652 eohortem
606 2593 731 2668 primam
747 2593 891 2650 urbanam
906 2592 935 2650 id
951 2592 1058 2669 ipsum,
1081 2593 1161 2668 quod
1177 2592 1212 2650 de
1227 2593 1315 2652 tertia
1331 2593 1445 2652 decima

111 2702 228 2760 urbana
248 2699 362 2775 pariter
377 2703 570 2754 monumenta
584 2702 773 2771 aperuerunt.
807 2693 883 2754 Eam
898 2695 977 2752 enim
992 2713 1058 2753 eum
1074 2694 1145 2752 olim
1161 2694 1445 2771 demonstravissem

110 2821 171 2862 nou
186 2801 303 2860 Romae
325 2799 481 2868 meruisse,
504 2797 558 2856 sed
572 2796 742 2874 Luguduni,
765 2795 813 2853 ubi
836 2815 895 2856 non
910 2797 1009 2856 minus
1025 2797 1126 2856 decern
1142 2795 1256 2872 lapides
1271 2797 1443 2855 memoriam

110 2905 176 2964 eius
203 2899 415 2975 servarant³),
447 2909 551 2974 postea
577 2897 709 2956 eiusdem
736 2897 868 2956 cohortis
894 2898 1021 2956 militum
1048 2899 1137 2957 trium
1170 2899 1249 2957 tituli
1280 2900 1310 2958 in
1336 2898 1443 2956 Africa

109 3005 300 3084 prodierunt,
323 3002 382 3060 duo
406 2999 601 3077 Carthagine,
624 2999 728 3057 tertius
752 2999 898 3074 Musti⁴),
925 3017 1049 3074 quorum
1073 3017 1149 3058 unus
1172 3001 1301 3076 scriptus
1322 3007 1368 3058 est
1388 2999 1442 3057 im-

108 3115 234 3186 perante
255 3103 430 3163 Domitiano
453 3119 548 3178 neque
570 3101 607 3158 ab
629 3119 665 3159 ea
686 3107 784 3160 aetate
806 3100 864 3159 duo
887 3101 938 3158 alii
961 3102 1130 3160 abhorrent.
1174 3100 1244 3160 Nou
1267 3103 1331 3160 siue
1353 3119 1443 3160 causa

107 3211 200 3286 igitur
223 3205 442 3264 Wilmannsius
465 3222 531 3262 eam
553 3203 680 3260 coniecit
702 3203 757 3260 sub
779 3201 894 3261 Flaviis
917 3209 1015 3261 eastra
1037 3202 1177 3261 habuisse
1200 3201 1390 3279 Carthagine.

152 3309 362 3385 Vespasianus
388 3307 481 3384 igitur
505 3324 570 3364 cum
599 3305 738 3363 cohortes
765 3305 895 3363 urbanas
925 3303 1021 3362 denuo
1054 3303 1219 3376 ordinaret,
1251 3322 1310 3362 non
1344 3303 1441 3361 solum

106 3413 191 3470 urhis
215 3411 330 3469 Romae
352 3427 453 3466 euram
474 3407 546 3485 egit,
575 3405 627 3464 sed
650 3407 738 3464 etiam
761 3405 920 3482 Luguduni
943 3414 972 3463 et
994 3403 1199 3483 Carthaginis,
1226 3405 1256 3462 iu
1278 3405 1332 3463 illa
1354 3414 1439 3462 vetus

104 3513 275 3572 institutum
308 3520 427 3568 secutus
460 3509 541 3584 (nam
576 3527 660 3566 suam
689 3508 839 3566 cohortem
867 3507 1106 3582 Lugudunenses
1140 3507 1186 3564 vel
1219 3509 1275 3567 sub
1302 3509 1440 3583 Augusto

105 3613 307 3687 habuerunt),
334 3612 402 3669 huic
424 3619 567 3686 quantum
589 3609 676 3666 nobis
700 3617 816 3667 constat
837 3617 898 3666 tum
920 3609 1049 3684 primum
1079 3609 1216 3668 similiter
1242 3608 1438 3686 prospiciens.

106 3715 230 3776 Scilicet
250 3715 326 3772 duas
348 3714 487 3773 cohortes
509 3697 655 3782 urbanas',
683 3710 809 3786 primam
832 3719 861 3768 et
882 3710 1000 3768 tertiam
1023 3709 1167 3770 decimam
1190 3729 1249 3770 uon
1276 3729 1341 3769 eum
1368 3708 1439 3766 reli·

168 3949 194 4012 ¹)
214 3949 283 3998 Vide
303 3965 367 4013 quae
387 3963 468 4014 nuper
487 3949 595 4014 exposui
613 3948 641 3998 in
660 3948 772 3997 Hermas
790 3946 842 3996 rol.
858 3944 891 3995 16
910 3962 936 4011 p.
952 3947 1014 3998 647.

165 4039 190 4103 ²)
211 4041 339 4104 Borghesi
357 4040 494 4092 Bullettino
514 4033 574 4090 dell'
595 4037 659 4089 last.
682 4039 752 4088 1844
771 4053 796 4102 p.
813 4037 862 4088 127
886 4058 919 4080 --
939 4054 998 4104 opp.
1017 4041 1041 4100 7,
1062 4039 1125 4090 462.
1167 4037 1207 4089 cf.
1224 4039 1335 4088 Hermae
1354 4037 1437 4088 vol.3

102 4152 130 4201 p.
148 4135 210 4185 124.
242 4134 412 4199 Pririlegium
431 4141 609 4182 veteranorum
628 4131 773 4196 nuperrime
793 4137 921 4195 repertum
941 4131 968 4180 in
983 4131 1119 4180 Pannonia
1138 4133 1225 4194 (supra
1244 4147 1268 4194 p.
1284 4128 1329 4190 93)
1350 4130 1437 4179 docuit

102 4227 137 4278 C.
158 4225 309 4278 Cornelium
329 4225 491 4278 Gallicanum
510 4224 592 4274 fasces
612 4223 722 4272 tenuisse
741 4237 793 4272 uon
813 4236 836 4272 a.
852 4223 899 4284 85,
923 4229 951 4272 ut
974 4221 1057 4272 adhuc
1083 4222 1262 4283 credebamus,
1287 4221 1333 4270 sed
1357 4235 1381 4271 a.
1400 4223 1435 4271 64

102 4321 149 4369 die
168 4319 242 4383 Sept.
257 4319 282 4368 3.

163 4407 189 4471 ²)
209 4410 309 4460 Annali
326 4402 389 4459 dell'
411 4407 528 4458 Instituta
550 4407 620 4458 1853
639 4423 664 4472 p.
681 4408 723 4456 74.
766 4406 928 4468 Titulorum,
959 4421 1023 4470 quos
1042 4407 1186 4470 composuit
1204 4405 1322 4455 Boissieu
1341 4419 1366 4468 p.
1381 4402 1435 4454 ³54

103 4518 170 4566 seq,
190 4517 249 4550 cum
269 4503 356 4565 plures
375 4502 413 4550 ita
431 4499 572 4565 comparati
592 4499 651 4560 sint,
672 4505 699 4547 ut
718 4497 789 4548 nullo
808 4498 886 4547 modo
900 4498 984 4562 primo
1004 4514 1029 4562 p.
1041 4497 1102 4548 Chr.
1123 4497 1226 4546 saeculo
1240 4496 1317 4545 tribui
1331 4501 1434 4560 queant,

101 4593 219 4644 concidit
243 4594 313 4657 quod
332 4592 524 4657 Marquardtius
544 4589 706 4640 Stanteaerw.
728 4591 743 4638 2
768 4605 792 4653 p.
807 4590 859 4639 467
884 4590 971 4654 posuit
993 4590 1075 4654 magis
1098 4604 1174 4653 quam
1200 4587 1319 4652 probarit
1342 4587 1433 4636 cohor·

100 4695 155 4734 tem
169 4685 239 4734 XIII
259 4686 328 4734 cirea
345 4685 453 4733 Traiani
474 4691 590 4747 tempora
609 4697 664 4731 esse
683 4681 798 4730 desiisse.
831 4679 908 4741 Quod
928 4681 955 4729 in
973 4680 1095 4729 missione
1114 4695 1138 4729 a.
1153 4681 1206 4729 276
1227 4680 1296 4729 solae
1316 4678 1435 4728 cohortes

99 4777 216 4827 urbanae
235 4777 271 4826 X.
290 4776 341 4826 XI.
361 4775 426 4825 XII.
445 4774 529 4824 XIIII
548 4774 712 4824 nominantur
731 4773 833 4822 omissis
851 4772 866 4820 I
886 4777 911 4820 et
923 4772 1006 4832 XllI,
1027 4772 1089 4821 satis
1107 4771 1168 4820 iude
1187 4771 1343 4835 explicatur,
1365 4769 1434 4834 quod

100 4869 152 4918 hae
171 4875 246 4918 extra
264 4869 355 4918 urbem
376 4873 461 4916 castra
480 4866 631 4916 habuerunt.

160 4959 185 5020 ¹)
206 4961 235 5010 C.
250 4959 335 5020 VIII,
362 4959 442 5008 1025.
464 4959 542 5007 1026.
566 4957 644 5007 1563.
683 4957 714 5017 Q.
735 4956 806 5006 Aelii
824 4956 906 5007 Primi
926 4955 1032 5016 nihilis)
1053 4953 1107 5004 uolt.
1122 4950 1213 5002 XIIII
1230 4951 1361 5013 urb(auue)
1381 4952 1434 5002 elo·

99 5053 170 5116 glum
190 5053 287 5116 prodtit
301 5052 330 5101 in
343 5050 480 5115 prouincia
491 5049 667 5114 proconsulari
683 5049 717 5098 ad
729 5048 846 5098 Avittam
860 5047 969 5098 Bibbam
989 5046 1120 5108 (Poinssot
1133 5042 1203 5095 Ball.
1218 5037 1322 5094 d'Oron
1341 5044 1402 5093 fasc.
1416 5044 1431 5092 5

100 5157 128 5206 p.
142 5142 214 5206 610).
