3518 5828
366 519 437 592 130
944 483 1140 594 nonusis·

363 715 403 772 rit
423 714 472 785 iis,
494 717 544 791 qui
565 731 598 772 ea
614 713 819 789 protectoribus
841 713 887 770 uel
908 733 941 771 ec
957 711 1416 791 praepositisoeleotribunis1)
1438 716 1576 788 epistulas
1599 735 1697 791 repor-

363 825 469 873 tassent
489 833 587 893 nequa
608 815 701 874 aciem
718 814 872 887 vidissent,
896 834 955 874 non
970 817 1073 876 eadem
1095 816 1253 893 privilegia
1267 833 1333 875 esse
1356 825 1445 891 atque
1466 817 1504 874 iis
1521 817 1572 892 qni
1596 819 1699 876 ordisse

361 918 480 974 militias
501 919 619 975 decurso
641 916 679 976 ad
701 915 824 975 eandem
847 917 1050 976 condicionem
1077 922 1300 993 pervenissent,
1326 917 1394 974 inde
1421 917 1586 995 colligitur,
1614 920 1697 994 quod

362 1017 434 1076 alibi
457 1036 575 1094 qnoque
597 1035 688 1094 saepe
710 1027 847 1096 apparet,
876 1020 1005 1077 honores
1033 1036 1085 1076 eos
1113 1038 1167 1095 per
1188 1019 1343 1078 codicillos
1371 1020 1413 1076 ita
1434 1019 1523 1076 datos
1551 1037 1633 1090 esse,
1665 1028 1698 1078 nt

360 1129 511 1195 tamquam
534 1121 663 1196 peractis
684 1120 721 1177 iis
743 1119 941 1178 dimitteretur
968 1137 1027 1178 non
1055 1130 1115 1179 tam
1143 1121 1280 1178 tribunus
1306 1129 1336 1177 et
1361 1121 1405 1177 sic
1431 1120 1571 1197 deinceps
1598 1121 1696 1179 sactus

360 1238 450 1296 qnam
477 1239 515 1278 ex
543 1222 673 1280 tribuno.
727 1220 801 1278 Inde
828 1229 934 1296 postea
965 1221 1110 1278 honorum
1137 1221 1191 1278 illa
1217 1221 1276 1278 duo
1308 1239 1418 1297 genera
1448 1223 1517 1296 ipso
1544 1223 1695 1280 vocabulo

360 1321 480 1380 differre
506 1329 681 1399 coeperant,
712 1321 824 1380 scilicet
849 1322 892 1379 ita
919 1330 952 1379 ut
979 1322 1031 1396 qui
1059 1322 1194 1380 tribunus
1216 1322 1389 1394 meruisset,
1419 1323 1508 1380 etiam
1537 1323 1693 1381 tribunatu

360 1422 497 1499 deposito
518 1425 656 1482 tribunus
679 1423 887 1498 appellaretur,
911 1423 1089 1481 honorarius
1110 1423 1246 1482 tribunus
1268 1443 1306 1482 ex
1322 1423 1441 1482 tribuno
1455 1423 1602 1482 vocabulo
1624 1443 1694 1482 con·

360 1533 457 1582 tentus
479 1532 570 1583 esset.
620 1524 694 1582 Eius
717 1541 789 1582 usus
812 1525 843 1581 in
865 1525 1023 1582 comitibus
1045 1525 1216 1600 exemplum
1239 1525 1356 1582 illustre
1384 1525 1525 1601 proponit
1545 1524 1622 1583 ordo
1645 1543 1693 1584 sa·

359 1627 514 1684 lutationis
529 1625 715 1702 Thamugadi
738 1645 833 1702 nuper
848 1625 1032 1696 eruderatus,
1054 1625 1164 1700 dequo
1179 1625 1310 1683 sortasse
1331 1625 1403 1683 alibi
1419 1626 1587 1684 disserendi
1610 1626 1693 1684 locus

360 1728 426 1798 erit,
448 1729 479 1785 in
494 1727 620 1786 tribunis
643 1734 741 1785 autern
757 1727 862 1784 titulus
877 1727 1066 1786 Trevirensis
1090 1743 1181 1802 supra
1201 1727 1315 1786 relatus
1338 1745 1366 1784 n.
1384 1725 1437 1796 28;
1459 1745 1529 1784 nam
1547 1737 1693 1802 protector

360 1849 393 1887 eu
416 1829 527 1887 tribarm
548 1846 615 1886 cum
637 1827 721 1886 nullo
743 1827 832 1886 modo
854 1828 948 1903 accipi
970 1828 1069 1902 possit
1089 1827 1126 1884 de
1148 1827 1266 1886 tribuno
1282 1828 1388 1886 deinde
1410 1827 1490 1886 iacto
1513 1836 1692 1904 protectore,

359 1949 424 1988 cnm
446 1930 494 1988 vel
516 1929 611 1988 infimi
631 1928 745 1988 ordinis
771 1929 907 1987 tribunus
934 1945 1027 2004 supra
1054 1937 1250 2004 protectorem
1277 1929 1316 1986 sit
1338 1928 1390 2002 (ci.
1407 1927 1442 1988 C.
1459 1929 1517 1986 Th.
1534 1929 1563 2000 8,
1580 1930 1610 1998 5,
1626 1930 1690 2004 49),

358 2043 438 2090 recte
459 2031 503 2089 ita
524 2030 678 2090 vocabitur
699 2039 849 2106 protector
871 2030 1016 2088 dimissus
1037 2049 1104 2088 curn
1126 2031 1279 2088 tribunatu
1301 2028 1505 2106 epistolant).
1550 2029 1689 2089 Ceterum

358 2133 406 2192 hic
426 2132 568 2208 loquendi
591 2148 663 2190 usus
685 2149 744 2188 non
766 2131 883 2191 videtur
904 2132 1077 2208 pervenisse
1099 2131 1173 2201 nisi,
1200 2138 1231 2188 nt
1252 2131 1295 2188 ait
1316 2128 1550 2204 Constantinus,
1578 2133 1616 2190 ad
1637 2132 1689 2190 ho·

359 2252 448 2292 nores
470 2234 631 2292 militares:
654 2252 687 2292 ac
709 2233 822 2292 consule
840 2249 901 2290 non
915 2239 962 2291 cst
977 2231 1082 2290 consul
1096 2231 1305 2304 codicillarius,
1328 2233 1381 2290 sed
1396 2233 1554 2291 consulatu
1570 2233 1688 2292 functus

357 2346 388 2394 et
409 2336 452 2394 sio
473 2335 624 2410 deinceps.
648 2334 744 2392 Multo
767 2334 866 2392 minus
889 2333 1042 2392 transferri
1065 2333 1152 2392 debet
1173 2333 1211 2391 ad
1227 2333 1325 2392 officia
1340 2335 1457 2392 minora
1471 2352 1633 2410 numquam
1648 2337 1689 2394 ita

357 2457 410 2513 per
432 2436 585 2495 codicillos
608 2435 753 2511 permissa
774 2435 965 2511 imaginarie,
991 2435 1094 2510 itaque
1116 2452 1149 2492 er
1168 2443 1326 2509 protectore
1347 2436 1411 2493 sive
1432 2453 1466 2493 ee
1482 2437 1689 2511 protectoribus

358 2540 479 2597 omnino
501 2539 528 2596 is
551 2537 658 2596 dicitur
674 2537 725 2612 qui
739 2545 890 2612 protector
904 2554 970 2594 cum
985 2535 1102 2605 suisset,
1124 2553 1192 2594 esse
1208 2535 1304 2594 desiit.
1337 2535 1385 2594 Ne
1400 2537 1430 2594 in
1446 2536 1555 2595 militia
1569 2537 1687 2612 quidem

355 2639 557 2698 contenderim
579 2656 684 2698 severe
706 2657 772 2696 eam
794 2639 892 2714 legere
912 2638 1103 2696 observatam
1126 2655 1191 2696 assa
1217 2655 1312 2711 neque
1341 2655 1465 2714 nsquam
1493 2640 1631 2713 usurpari
1657 2657 1688 2695 es

356 2742 466 2799 tribuno
488 2741 550 2800 sive
572 2760 606 2798 er
628 2739 748 2797 tribunis
770 2738 946 2796 vocabulum
969 2737 1005 2795 dc
1027 2756 1063 2794 eo
1085 2739 1135 2813 qui
1161 2738 1340 2796 tribunatum
1368 2739 1507 2815 gesserit:
1534 2739 1588 2798 sed
1615 2741 1688 2817 legi·

357 2844 461 2901 timum
483 2861 569 2901 nsum
589 2840 804 2899 vocabulorum
827 2858 863 2897 ea
884 2847 982 2897 aetate
1003 2849 1084 2897 recte
1106 2839 1178 2896 milri
1201 2839 1303 2898 videor
1325 2839 1488 2898 definiisse.

397 2945 482 3003 Haec
503 2945 552 3002 ubi
575 2943 739 3020 sequimur,
762 2942 839 2999 inter
854 2940 959 2998 titulos
982 2957 1075 3016 supra
1095 2940 1207 2999 relatos
1230 2941 1357 3017 primum
1374 2960 1520 3000 novorum
1541 2951 1687 3019 protecto·

355 3065 422 3106 ram
442 3045 592 3118 indicium,
615 3043 693 3120 quod
710 3043 750 3102 sit
764 3042 833 3100 anni
850 3041 934 3112 certi,
955 3042 1157 3116 Aquinoensis
1179 3042 1302 3116 praebet
1316 3043 1385 3101 enni
1402 3041 1472 3115 rot,
1496 3043 1548 3120 qai
1563 3051 1685 3120 quartus

354 3156 400 3207 est
416 3146 609 3217 Diocletiani3
632 3145 673 3203 ibi
695 3145 774 3202 enim
796 3143 945 3202 invenitur
964 3143 1133 3220 praelectus
1155 3143 1252 3202 factus
1274 3144 1402 3220 legionis
1416 3151 1505 3202 antea
1526 3152 1686 3219 protector.

355 3247 416 3309 Sed
442 3250 573 3308 fortasse
595 3247 746 3306 anteriora
772 3245 819 3303 his
847 3243 1040 3320 suppeditant
1061 3243 1234 3321 scriptores.
1279 3242 1473 3304 Constantius
1496 3243 1686 3305 Constantini

355 3351 456 3428 magni
483 3358 580 3426 pater,
609 3349 659 3423 qui
681 3347 798 3406 videtur
819 3345 949 3404 militare
970 3346 1106 3420 coepisse
1127 3345 1293 3423 imperante
1315 3346 1494 3419 Aureliano,
1522 3348 1683 3406 secundnm

355 3454 548 3527 Anonymnm
563 3448 758 3507 Valesiannm
779 3466 804 3506 c.
823 3450 836 3504 l
857 3457 1002 3524 protector
1019 3450 1159 3522 primum,
1189 3451 1252 3506 erio
1274 3447 1417 3518 tribanus,
1440 3457 1543 3524 postea
1566 3467 1684 3525 praeses

356 3552 571 3611 Dalmatiarum
584 3551 663 3625 suit,·
685 3550 788 3625 itaque
810 3549 866 3607 nisi
889 3549 1017 3626 scriptor
1034 3567 1107 3608 suae
1129 3550 1236 3607 aetatis
1251 3549 1405 3607 vocabulis
1427 3550 1579 3608 anteriora
1600 3569 1684 3610 enar-

355 3655 443 3725 ravit,
466 3655 525 3712 iam
547 3653 603 3711 sub
628 3651 791 3710 Aureliano
813 3661 996 3728 protectores
1019 3649 1055 3708 ad
1078 3651 1259 3709 tribunatum
1281 3652 1542 3726 promovebantur.
1559 3685 1597 3696 -
1612 3650 1684 3708 Dio·

353 3756 514 3815 cletianum
542 3761 680 3813 auctores
707 3771 773 3811 cum
801 3753 935 3810 scribant
959 3752 1167 3827 imperatorem
1196 3759 1327 3811 creatum
1351 3769 1419 3812 esse
1440 3753 1607 3812 domesticos
1629 3763 1684 3810 tum

413 4003 435 4067 ¹)
455 4001 497 4054 Ee
516 4003 624 4054 tribunis
642 4005 738 4054 locutio
757 4010 858 4068 praeter
876 4003 976 4053 titulum
997 4003 1092 4054 codicis
1113 4003 1291 4054 Theodosiani
1311 4003 1512 4068 supracitatum
1532 4005 1681 4070 inscriptum

352 4095 383 4148 rle
402 4097 562 4148 testimoniali
580 4111 610 4146 er
629 4094 736 4145 tribunis
755 4102 779 4145 et
795 4093 980 4162 protectoribus
998 4095 1051 4154 (ubi
1072 4103 1133 4145 nota
1153 4096 1304 4146 vocabulum
1324 4109 1354 4145 ac
1373 4093 1480 4145 tribunis
1498 4098 1617 4161 usurpari
1636 4111 1681 4160 pro

352 4189 508 4238 substantivo
529 4189 652 4254 singulari
672 4187 789 4249 numero)
809 4189 836 4237 in
854 4187 954 4252 legibus
973 4202 1026 4236 non
1045 4187 1186 4248 invenitur,
1206 4187 1362 4252 Rossiusque
1381 4193 1483 4249 noster,
1504 4201 1580 4252 quem
1601 4187 1634 4236 dc
1653 4200 1681 4235 es

350 4281 480 4342 consului,
505 4280 638 4345 respondit
663 4280 712 4329 sibl
736 4295 788 4329 non
812 4286 941 4344 repertam
966 4293 1022 4328 esse
1046 4279 1096 4328 nisi
1116 4279 1142 4328 in
1161 4279 1242 4329 titulis
1266 4278 1347 4328 tribus
1371 4279 1471 4328 urbano
1497 4277 1681 4340 (crescimbeni

351 4379 416 4422 stato
436 4371 506 4422 della
525 4369 680 4421 basilicarii
698 4368 726 4421 S.
739 4367 830 4420 Maria
848 4370 875 4419 iu
897 4367 1026 4420 Cormediu
1044 4371 1143 4422 Romus
1165 4371 1235 4421 1719
1254 4386 1280 4435 p.
1294 4369 1353 4431 30):
1373 4367 1400 4418 F
1400 4369 1484 4420 leuues
1497 4367 1605 4420 Bulaeus
1622 4369 1681 4429 rtis)

350 4462 543 4524 d(eootirsimus)
566 4477 596 4512 ea
615 4459 722 4512 trillame
745 4469 770 4512 et
788 4462 948 4527 Aquileiensi
974 4462 1061 4512 vol.V
1080 4478 1106 4512 n.
1122 4463 1205 4514 1652:
1229 4460 1272 4511 Fi.
1288 4461 1420 4528 ciperente
1525 4477 1557 4512 er
1575 4459 1681 4510 triburu'e

350 4561 376 4606 et
393 4554 558 4618 Lugdunensi
584 4553 652 4619 apud
671 4553 835 4604 chlantium
854 4569 880 4604 ιι.
894 4555 942 4603 41ι
969 4550 1080 4602 Flauius
1097 4550 1175 4604 Flcri
1260 4569 1291 4603 es
1316 4551 1424 4604 tribunis
1449 4553 1493 4618 qui
1515 4554 1580 4602 ussit
1604 4567 1680 4602 annm

353 4646 481 4711 octogiuta
500 4652 524 4695 et
542 4651 640 4712 septem,
660 4645 799 4706 militandi)
819 4661 878 4694 aaa.
898 4645 1004 4710 triginta
1022 4651 1046 4694 et
1064 4660 1149 4694 aaron
1249 4652 1272 4694 et
1287 4643 1412 4711 probatus
1430 4660 1551 4694 annorum
1570 4643 1649 4694 dcam
1660 4649 1682 4692 et

349 4745 419 4800 oct03
439 4743 572 4802 practerea
590 4738 617 4788 in
637 4737 725 4786 libello
744 4751 849 4801 precum
869 4751 886 4786 a
904 4737 1057 4787 Marcellino
1077 4743 1102 4786 et
1121 4737 1246 4786 Faustino
1266 4736 1327 4786 dato
1347 4736 1381 4786 ad
1400 4736 1577 4786 Theodosium
1599 4737 1679 4786 senio·

348 4844 403 4878 rem
423 4829 566 4890 (Sirmondi
586 4843 645 4894 opp.
662 4831 675 4878 1
696 4844 721 4892 p.
738 4827 791 4878 154
810 4827 851 4877 ed.
865 4827 969 4889 Vener.)
989 4825 1081 4877 nobilis
1100 4826 1187 4877 domus
1267 4825 1357 4879 Seueri
1374 4844 1405 4878 err
1423 4826 1540 4878 tribunis.

407 4919 432 4982 2)
452 4921 595 4971 Tribunum
618 4919 792 4970 codicillarem
818 4921 872 4969 slve
895 4919 1062 4969 honorarium
1090 4933 1152 4970 cave
1180 4920 1323 4970 contundes
1352 4935 1409 4970 cnm
1436 4920 1543 4970 tribuno
1565 4924 1680 4968 racame.

348 5012 479 5062 Tribunus
499 5027 604 5072 vacans,
631 5018 659 5060 ut
678 5026 710 5061 ex
730 5012 870 5061 Ammiano
889 5012 1052 5075 potissimum
1071 5018 1185 5076 apparat,
1206 5025 1361 5076 quamquam
1380 5026 1488 5061 numero
1507 5026 1561 5061 non
1581 5018 1680 5075 praeest

347 5111 375 5153 nt
393 5110 494 5170 praeest
511 5119 564 5154 non
584 5117 687 5164 vacans,
706 5102 875 5153 nihilominus
895 5103 1002 5165 militam
1028 5103 1145 5153 tribunus
1164 5102 1321 5153 honorarius
1338 5109 1382 5152 ant
1401 5117 1542 5168 numquam
1561 5103 1680 5153 militarit

347 5203 391 5246 aut
409 5196 531 5248 militarit
549 5195 607 5248 loco
626 5195 729 5246 diverso
749 5201 775 5244 ct
794 5194 928 5245 codicillos
947 5195 1077 5259 accipiens
1095 5195 1207 5245 militare
1226 5194 1330 5244 desinit.
