3450 5842
331 508 403 582 638
904 522 1088 575 naumann

330 701 488 773 Lanciaui,
504 701 662 758 Ianuarius
684 703 819 759 allatorvs
842 707 868 756 et
890 701 966 757 rllllll
985 701 1110 775 promoti
1132 717 1194 755 cram
1209 696 1357 773 [cJollapa‘a
1376 697 1482 756 llllllll
1500 696 1602 772 officii.
1636 695 1683 754 Sed

332 805 405 864 certi
428 803 568 880 quiddam
591 822 628 860 ne
650 823 689 860 ex
710 802 766 859 hac
788 800 906 877 quidem
929 801 1065 859 eflicitur.
1101 833 1139 843 -
1172 799 1273 858 Minus
1298 798 1499 858 dubitationi
1531 799 1684 857 obnoxium

332 917 388 980 est,
410 906 490 984 quod
513 905 655 982 postremi
678 903 811 962 omnium
834 903 964 962 salutant
986 902 1149 978 [offilo-iales
1172 921 1205 962 ea
1227 903 1337 960 ordine.

377 1185 519 1261 Sequitur
540 1183 669 1242 edictum
692 1183 833 1256 alterum,
861 1200 1017 1259 quoquae
1040 1183 1076 1239 de
1099 1181 1202 1241 ordine
1223 1181 1415 1240 indiciorum
1447 1181 1574 1241 saeculi
1603 1184 1684 1258 quarti

334 1307 476 1346 noramus
500 1305 559 1344 non
580 1305 638 1344 uno
660 1287 778 1360 nomine
801 1292 991 1361 augmentum
1015 1284 1173 1362 accipiunt.
1207 1284 1279 1359 Agit
1302 1285 1387 1342 enim
1414 1283 1454 1344 de
1474 1285 1517 1342 iis
1536 1303 1684 1361 quaepar·

270 1383 272 1386 ¹
335 1400 380 1450 tes
402 1391 465 1448 litis
489 1407 579 1448 causa
601 1397 754 1465 praestare
778 1389 900 1460 debent,
928 1386 958 1444 id
982 1396 1027 1444 est
1048 1387 1084 1444 de
1110 1387 1316 1462 commodis¹)
1345 1386 1419 1444 sive
1450 1387 1609 1463 sportulis
1634 1388 1683 1446 old

336 1495 457 1552 cialium
483 1499 513 1550 et
541 1491 683 1548 similium
711 1508 916 1565 personarum.
968 1487 1051 1562 Quos
1081 1490 1191 1548 abusus
1218 1490 1274 1546 hoc
1301 1487 1442 1546 edictum
1472 1489 1636 1566 respiciat,
1661 1492 1684 1548 in

336 1598 507 1654 universnm
530 1593 662 1651 declarat
683 1593 733 1650 lex
756 1591 891 1668 aequalis
914 1592 990 1664 iere,
1017 1592 1088 1650 anni
1111 1591 1225 1650 scilicet
1247 1591 1317 1663 370,
1341 1587 1381 1649 C.
1401 1589 1464 1648 Th.
1488 1593 1519 1663 1,
1538 1590 1590 1663 29,
1606 1595 1636 1665 5,
1645 1595 1683 1666 sc

336 1702 427 1758 reneis
450 1699 537 1772 turpii
551 1696 674 1770 fraudes
697 1713 869 1768 recensens,
898 1695 964 1751 dum
985 1705 1035 1752 aut
1057 1698 1174 1751 ararim
1195 1696 1349 1751 instruitur·
1373 1694 1550 1752 advocatas
1577 1706 1626 1752 ont
1647 1697 1683 1753 ob

337 1799 457 1876 scalam]
492 1791 636 1872 liminis²)
674 1797 828 1855 sanioribus
858 1800 994 1872 princepe
1019 1799 1158 1872 praemiis
1190 1804 1333 1867 exoratur,
1372 1797 1446 1852 dam
1476 1807 1551 1854 acto
1582 1799 1617 1856 ab
1649 1818 1683 1854 er·

337 1901 496 1977 captoribus
519 1901 727 1969 distrahuntur,
753 1901 820 1956 dum
842 1899 979 1956 commodi
999 1902 1109 1956 nomine
1130 1897 1253 1974 amplius
1275 1897 1312 1954 ab
1335 1917 1370 1954 eo
1395 1902 1451 1972 qui
1482 1903 1591 1958 vicerit
1615 1905 1683 1957 iuter·

339 2022 432 2062 cessor
454 2001 506 2076 (=
524 2013 678 2074 executor3
710 2001 745 2058 cl.
771 1999 805 2059 C.
823 2000 895 2059 lust.
921 2001 1018 2073 1,40‚
1040 2001 1072 2076 8)
1100 2002 1222 2076 exposcit
1247 2017 1334 2074 quam
1362 2002 1550 2060 redditurus
1582 2013 1621 2060 eat
1645 2002 1682 2058 illa

337 2110 387 2180 qui
398 2107 664 2178 juaritaaperctaa.
701 2102 780 2161 Nam
797 2121 899 2161 omnes
914 2103 954 2175 hi,
978 2102 1125 2174 advocati,
1147 2103 1297 2180 princeps,
1320 2111 1532 2179 exceptores,
1556 2113 1683 2162 executor

338 2208 464 2265 redeunt
485 2207 515 2264 in
538 2205 634 2263 edicto
656 2205 837 2264 Marisciani.
875 2207 984 2283 Agitur
1005 2215 1103 2263 autern
1126 2204 1157 2262 in
1178 2223 1214 2262 eo
1237 2205 1273 2262 de
1297 2205 1529 2266 emolumentis
1546 2215 1682 2285 praestan

338 2311 385 2368 dis
407 2309 455 2369 his
477 2307 630 2384 personis:

495 2439 521 2494 1.
544 2435 673 2513 principi
694 2435 736 2510 (v.
757 2433 891 2511 13-22)

494 2537 522 2597 2.
545 2538 744 2596 corniculario
767 2538 809 2614 (v.
827 2537 963 2613 23-25)

494 2643 521 2700 3.
545 2640 804 2700 commentariensi
827 2641 867 2716 (r.
885 2639 1021 2716 2345>

495 2744 523 2802 4.
546 2741 733 2801 scholasticis
756 2742 798 2817 (v.
816 2742 953 2816 25-34)

495 2845 523 2903 5.
546 2843 758 2920 exceptoribus
782 2844 822 2919 (v.
839 2842 980 2917 34-46)

496 2946 523 3004 6.
547 2945 696 3004 libellensi
720 2945 762 3021 (v.
778 2944 916 3020 46-48)

495 3049 522 3106 7.
546 3048 669 3107 officiali
691 3049 846 3107 executori
869 3047 911 3123 (v.
926 3046 1073 3122 48-51).

383 3180 432 3237 Ex
454 3179 501 3235 hie
524 3177 574 3252 qui
598 3176 743 3252 singulari
766 3189 890 3234 numero
913 3177 1075 3234 efferuntur
1097 3175 1239 3234 officiales
1263 3184 1343 3247 sunt,
1368 3197 1435 3236 non
1459 3180 1614 3238 officiales
1635 3191 1681 3238 tan

342 3280 527 3351 scholastici,
551 3279 580 3336 id
603 3287 650 3336 est
672 3278 857 3355 advocati3),
880 3297 968 3355 quarn
992 3289 1177 3353 exceptores.
1223 3278 1374 3337 Advocati
1399 3281 1486 3339 enim
1513 3302 1555 3340 ex
1577 3284 1680 3360 publico

342 3381 483 3440 salarium
512 3380 574 3449 vel,
608 3387 640 3437 ut
665 3381 753 3438 huius
780 3381 887 3438 aetatis
915 3381 1055 3456 loquendi
1082 3398 1168 3440 usum
1201 3398 1379 3455 sequamur,
1418 3403 1580 3442 annonam
1613 3385 1679 3442 nullo

341 3491 476 3557 tempore
499 3481 694 3557 accipiebant,
717 3500 770 3539 nec
793 3484 888 3559 magis
912 3483 967 3540 hac
989 3483 1107 3558 quidem
1132 3491 1228 3540 aetate
1244 3483 1437 3558 accipiebant
1454 3487 1677 3563 exceptores⁴,l;

401 3685 424 3748 ¹)
445 3686 609 3737 Athalaricus
630 3689 698 3753 apud
719 3687 911 3738 Cassiodorium
931 3690 1087 3750 rar.9,142
1112 3689 1136 3738 si
1153 3695 1237 3738 cestra
1260 3690 1413 3739 concernunt
1437 3691 1549 3744 decreto
1568 3695 1673 3762 palestra

296 3805 297 3808 ¹
343 3787 435 3830 tantum
454 3779 575 3830 commodi
590 3781 719 3848 percipiat
738 3787 865 3841 meeutcr,
890 3787 1006 3846 pacatam
1024 3781 1151 3847 pluriores
1170 3781 1272 3831 domnae
1291 3797 1355 3831 acus
1375 3791 1467 3833 noster
1483 3803 1540 3853 pro
1559 3784 1673 3838 lomna

337 3889 502 3939 personarum
522 3871 610 3924 debere
630 3875 729 3924 aciones
748 3874 863 3941 occipere
886 3889 1006 3940 expresso
1029 3875 1168 3940 quantitate
1191 3875 1333 3924 counituit:
1363 3877 1525 3928 commodam
1550 3881 1610 3929 curia
1634 3893 1671 3928 cra

342 3963 484 4014 debetcum
502 3964 583 4016 modo.
623 3965 803 4031 sportularum
823 3967 975 4017 vocabulum
995 3973 1053 4031 post
1070 3967 1165 4018 Iuliani
1185 3974 1301 4032 tempore
1320 3969 1428 4018 demum
1449 3973 1489 4020 ita
1511 3981 1624 4036 coeptum
1643 3971 1668 4016 ti·

342 4057 415 4106 detur
434 4074 487 4108 esse
502 4059 628 4123 usurpari.

400 4188 424 4253 ²)
445 4143 516 4241 obser:
540 4193 572 4251 ll!
597 4191 690 4242 liminis
716 4194 798 4242 codex
823 4193 963 4242 secundnm
988 4193 1148 4257 Kruegernm
1177 4192 1215 4258 (in
1239 4195 1302 4244 actis
1328 4195 1477 4248 maioribus
1505 4199 1577 4248 acad.
1600 4195 1664 4246 aaut

343 4297 365 4331 a.
383 4285 451 4333 1879
471 4299 497 4347 p.
512 4285 572 4346 20);
600 4285 715 4350 suppleri
735 4286 772 4333 its
791 4293 819 4334 ut
837 4286 994 4349 significetur
1017 4287 1136 4350 princeps
1161 4301 1176 4334 a
1199 4287 1329 4350 litigatore
1354 4296 1467 4353 propter
1493 4284 1663 4356 mgressnw

342 4375 485 4437 praesidem
506 4377 633 4440 sportulas
653 4377 766 4440 exigens.
805 4378 868 4427 Mox
889 4384 912 4427 et
931 4384 989 4442 post
1008 4375 1183 4426 distrahantur
1203 4379 1301 4427 sustuli.

401 4464 424 4527 ³)
445 4467 734 4533 Bahman-Heilung
756 4466 925 4536 Ciuilprocess
945 4471 960 4519 3
981 4486 1006 4534 p.
1024 4471 1083 4520 162.

400 4555 425 4618 ¹)
445 4558 474 4608 C.
489 4561 538 4609 Th.
555 4561 579 4622 8,
594 4561 619 4623 7,
636 4561 667 4610 17
689 4564 751 4610 anni
766 4561 833 4611 385:
853 4559 1008 4629 Exceptorea
1027 4577 1109 4612 omues
1128 4560 1253 4612 indicibus
1272 4560 1436 4630 obsequentes
1457 4568 1504 4632 qai
1516 4583 1559 4616 nee
1572 4564 1661 4614 nr‘litica

343 4650 463 4699 sustinent
481 4667 558 4717 nepae
578 4671 594 4702 a
607 4653 672 4716 fisco
693 4653 761 4702 allus
780 4661 963 4720 consequantur
982 4671 1094 4704 unrroaaa
1114 4671 1264 4705 ...narrare
1283 4658 1380 4724 coeptis
1400 4674 1506 4725 opernm
1525 4657 1615 4708 etiann'
1633 4652 1661 4701 dt·

343 4743 458 4792 curiones
476 4744 526 4792 aiat
545 4745 642 4794 minime
657 4743 824 4812 prohibemus.
865 4746 930 4796 Mox
950 4748 1128 4798 condicionem
1153 4754 1283 4798 mutarunt
1302 4752 1450 4800 enumerati
1471 4747 1661 4802 ruminantia

343 4833 505 4898 Dignitatum
526 4837 592 4885 inter
612 4837 743 4887 officiales.
782 4839 822 4887 Ita
841 4853 896 4887 rem
915 4839 1027 4902 explicat
1044 4839 1335 4904 Bethmann-Hollweg
1358 4840 1534 4910 Cicilprocesa
1553 4844 1567 4892 3
1585 4859 1607 4907 p.
1619 4839 1661 4892 l'al.

343 4926 451 4976 fortasse
471 4935 547 4976 recte.
580 4929 728 4979 Videndum
748 4937 846 4992 tamen,
868 4945 955 4979 annon
975 4931 1002 4979 in
1022 4932 1122 4982 iudiciis
1142 4933 1193 4982 duo
1212 4933 1309 4982 luerint
1328 4951 1427 4998 genera
1445 4945 1617 5001 exceptorum,
1635 4929 1661 4977 tl·

344 5023 426 5067 terum
446 5025 597 5083 occupatum
617 5021 644 5069 in
664 5023 726 5071 actis
745 5023 854 5087 publicis
872 5031 897 5072 et
916 5023 1056 5073 admissum
1076 5025 1109 5074 ad
1129 5041 1254 5086 annonas,
1275 5027 1388 5076 alterum
1409 5029 1480 5093 qnod
1497 5027 1661 5094 partibnaqw

345 5123 433 5156 eorum
452 5111 577 5162 intererat
595 5111 689 5164 habere
707 5131 740 5164 ex
760 5115 824 5166 actis
844 5117 1019 5181 suppeditaret
1038 5118 1155 5168 mercede
1175 5123 1292 5182 accepta;
1312 5120 1335 5169 si
1355 5121 1395 5171 ita
1415 5129 1481 5182 erat,
1501 5121 1548 5172 hoc
1563 5114 1660 5168 taschet

344 5199 511 5264 intellegitur.
