<?xml version="1.0" encoding="UTF-8"?>
<!DOCTYPE html PUBLIC "-//W3C//DTD XHTML 1.0 Transitional//EN"
    "http://www.w3.org/TR/xhtml1/DTD/xhtml1-transitional.dtd">
<html xmlns="http://www.w3.org/1999/xhtml" xml:lang="en" lang="en">
 <head>
  <title>
</title>
<meta http-equiv="Content-Type" content="text/html;charset=utf-8" />
  <meta name='ocr-system' content='tesseract 3.04.00' />
  <meta name='ocr-capabilities' content='ocr_page ocr_carea ocr_par ocr_line ocrx_word'/>
</head>
<body>
  <div class='ocr_page' id='page_1' title='image "./ephemerisepigra03henzgoog/ephemerisepigra03henzgoog_0661.png"; bbox 0 0 3428 5834; ppageno 0'>
   <div class='ocr_carea' id='block_1_1' title="bbox 428 565 1403 640">
    <p class='ocr_par' dir='ltr' id='par_1_1' title="bbox 428 565 1403 640">
     <span class='ocr_line' id='line_1_1' title="bbox 428 565 1403 640; baseline 0 -2"><span class='ocrx_word' id='word_1_1' title='bbox 428 585 727 639; x_wconf 79' lang='lat' dir='ltr'><strong>oasnnvnrrouns</strong></span> <span class='ocrx_word' id='word_1_2' title='bbox 754 585 1036 639; x_wconf 75' lang='lat' dir='ltr'><strong>nerenaenrosa.</strong></span> <span class='ocrx_word' id='word_1_3' title='bbox 1333 565 1403 640; x_wconf 87' lang='grc'><strong>633</strong></span> 
     </span>
    </p>
   </div>
   <div class='ocr_carea' id='block_1_2' title="bbox 57 759 1434 3990">
    <p class='ocr_par' dir='ltr' id='par_1_2' title="bbox 62 759 1434 3087">
     <span class='ocr_line' id='line_1_2' title="bbox 66 759 1434 839; baseline 0.001 -22"><span class='ocrx_word' id='word_1_4' title='bbox 66 767 129 818; x_wconf 88' lang='lat' dir='ltr'><strong>tam</strong></span> <span class='ocrx_word' id='word_1_5' title='bbox 157 759 264 834; x_wconf 86' lang='lat' dir='ltr'><strong>fuisse,</strong></span> <span class='ocrx_word' id='word_1_6' title='bbox 291 761 495 820; x_wconf 89' lang='lat' dir='ltr'><strong>verisimiliter</strong></span> <span class='ocrx_word' id='word_1_7' title='bbox 517 759 618 820; x_wconf 81' lang='lat' dir='ltr'><strong>Cirtae</strong></span> <span class='ocrx_word' id='word_1_8' title='bbox 647 761 684 820; x_wconf 87' lang='lat' dir='ltr'><strong>ad</strong></span> <span class='ocrx_word' id='word_1_9' title='bbox 713 762 843 820; x_wconf 91' lang='lat' dir='ltr'><strong>tribunal</strong></span> <span class='ocrx_word' id='word_1_10' title='bbox 871 761 1036 839; x_wconf 91' lang='lat' dir='ltr'><strong>praesidis,</strong></span> <span class='ocrx_word' id='word_1_11' title='bbox 1064 761 1134 820; x_wconf 91' lang='lat' dir='ltr'><strong>inde</strong></span> <span class='ocrx_word' id='word_1_12' title='bbox 1162 771 1283 819; x_wconf 83' lang='lat' dir='ltr'><strong>curante</strong></span> <span class='ocrx_word' id='word_1_13' title='bbox 1305 761 1409 818; x_wconf 83' lang='lat' dir='ltr'><strong>ordine</strong></span> <span class='ocrx_word' id='word_1_14' title='bbox 1433 788 1434 792; x_wconf 39' lang='lat'>¹</span> 
     </span>
     <span class='ocr_line' id='line_1_3' title="bbox 68 861 1409 942; baseline 0.002 -23"><span class='ocrx_word' id='word_1_15' title='bbox 68 861 326 938; x_wconf 89' lang='lat' dir='ltr'><strong>Thamugadensi,</strong></span> <span class='ocrx_word' id='word_1_16' title='bbox 349 865 413 922; x_wconf 87' lang='lat' dir='ltr'><strong>sive</strong></span> <span class='ocrx_word' id='word_1_17' title='bbox 436 865 520 922; x_wconf 90' lang='lat' dir='ltr'><strong>iussu</strong></span> <span class='ocrx_word' id='word_1_18' title='bbox 541 863 690 942; x_wconf 89' lang='lat' dir='ltr'><strong>praesidis</strong></span> <span class='ocrx_word' id='word_1_19' title='bbox 711 864 773 923; x_wconf 88' lang='lat' dir='ltr'><strong>sive</strong></span> <span class='ocrx_word' id='word_1_20' title='bbox 789 865 908 922; x_wconf 89' lang='lat' dir='ltr'><strong>decreto</strong></span> <span class='ocrx_word' id='word_1_21' title='bbox 923 864 1068 941; x_wconf 88' lang='lat' dir='ltr'><strong>ipsorum,</strong></span> <span class='ocrx_word' id='word_1_22' title='bbox 1091 865 1164 922; x_wconf 90' lang='lat' dir='ltr'><strong>haec</strong></span> <span class='ocrx_word' id='word_1_23' title='bbox 1179 863 1328 938; x_wconf 91' lang='lat' dir='ltr'><strong>descripta</strong></span> <span class='ocrx_word' id='word_1_24' title='bbox 1342 881 1409 922; x_wconf 91' lang='lat' dir='ltr'><strong>esse</strong></span> 
     </span>
     <span class='ocr_line' id='line_1_4' title="bbox 68 964 1408 1043; baseline 0.002 -22"><span class='ocrx_word' id='word_1_25' title='bbox 68 973 99 1022; x_wconf 89' lang='lat' dir='ltr'><strong>et</strong></span> <span class='ocrx_word' id='word_1_26' title='bbox 115 964 305 1040; x_wconf 77' lang='lat' dir='ltr'><strong>Thamugadi</strong></span> <span class='ocrx_word' id='word_1_27' title='bbox 328 966 358 1024; x_wconf 92' lang='lat' dir='ltr'><strong>in</strong></span> <span class='ocrx_word' id='word_1_28' title='bbox 381 966 448 1025; x_wconf 84' lang='lat' dir='ltr'><strong>foro</strong></span> <span class='ocrx_word' id='word_1_29' title='bbox 470 967 633 1043; x_wconf 88' lang='lat' dir='ltr'><strong>proposita.</strong></span> <span class='ocrx_word' id='word_1_30' title='bbox 671 964 807 1040; x_wconf 78' lang='lat' dir='ltr'><strong>Quodsi</strong></span> <span class='ocrx_word' id='word_1_31' title='bbox 830 967 959 1041; x_wconf 89' lang='lat' dir='ltr'><strong>quaeris,</strong></span> <span class='ocrx_word' id='word_1_32' title='bbox 983 967 1023 1024; x_wconf 89' lang='lat' dir='ltr'><strong>ad</strong></span> <span class='ocrx_word' id='word_1_33' title='bbox 1037 966 1117 1042; x_wconf 93' lang='lat' dir='ltr'><strong>quod</strong></span> <span class='ocrx_word' id='word_1_34' title='bbox 1132 983 1226 1040; x_wconf 84' lang='lat' dir='ltr'><strong>genus</strong></span> <span class='ocrx_word' id='word_1_35' title='bbox 1241 965 1408 1024; x_wconf 88' lang='lat' dir='ltr'><strong>iussionum</strong></span> 
     </span>
     <span class='ocr_line' id='line_1_5' title="bbox 68 1067 1411 1146; baseline 0.001 -24"><span class='ocrx_word' id='word_1_36' title='bbox 68 1067 143 1123; x_wconf 86' lang='lat' dir='ltr'><strong>hacc</strong></span> <span class='ocrx_word' id='word_1_37' title='bbox 172 1068 335 1142; x_wconf 80' lang='lat' dir='ltr'><strong>pertineat,</strong></span> <span class='ocrx_word' id='word_1_38' title='bbox 369 1069 442 1126; x_wconf 88' lang='lat' dir='ltr'><strong>mibi</strong></span> <span class='ocrx_word' id='word_1_39' title='bbox 476 1069 592 1126; x_wconf 83' lang='lat' dir='ltr'><strong>ridetur</strong></span> <span class='ocrx_word' id='word_1_40' title='bbox 622 1069 725 1127; x_wconf 88' lang='lat' dir='ltr'><strong>edictis</strong></span> <span class='ocrx_word' id='word_1_41' title='bbox 758 1069 984 1146; x_wconf 83' lang='lat' dir='ltr'><strong>magistratuum</strong></span> <span class='ocrx_word' id='word_1_42' title='bbox 1014 1069 1202 1127; x_wconf 90' lang='lat' dir='ltr'><strong>adnumerari</strong></span> <span class='ocrx_word' id='word_1_43' title='bbox 1230 1069 1335 1126; x_wconf 90' lang='lat' dir='ltr'><strong>debere</strong></span> <span class='ocrx_word' id='word_1_44' title='bbox 1361 1069 1411 1127; x_wconf 89' lang='lat' dir='ltr'><strong>vel</strong></span> 
     </span>
     <span class='ocr_line' id='line_1_6' title="bbox 70 1169 1409 1245; baseline 0.003 -21"><span class='ocrx_word' id='word_1_45' title='bbox 70 1177 149 1226; x_wconf 89' lang='lat' dir='ltr'><strong>certe</strong></span> <span class='ocrx_word' id='word_1_46' title='bbox 184 1169 222 1226; x_wconf 87' lang='lat' dir='ltr'><strong>ad</strong></span> <span class='ocrx_word' id='word_1_47' title='bbox 255 1189 291 1228; x_wconf 90' lang='lat' dir='ltr'><strong>ea</strong></span> <span class='ocrx_word' id='word_1_48' title='bbox 323 1171 460 1245; x_wconf 82' lang='lat' dir='ltr'><strong>proxime</strong></span> <span class='ocrx_word' id='word_1_49' title='bbox 493 1170 640 1230; x_wconf 84' lang='lat' dir='ltr'><strong>accedere.</strong></span> <span class='ocrx_word' id='word_1_50' title='bbox 706 1169 784 1228; x_wconf 90' lang='lat' dir='ltr'><strong>Nam</strong></span> <span class='ocrx_word' id='word_1_51' title='bbox 817 1179 850 1227; x_wconf 90' lang='lat' dir='ltr'><strong>ut</strong></span> <span class='ocrx_word' id='word_1_52' title='bbox 882 1171 1020 1230; x_wconf 90' lang='lat' dir='ltr'><strong>solebant</strong></span> <span class='ocrx_word' id='word_1_53' title='bbox 1058 1171 1181 1229; x_wconf 91' lang='lat' dir='ltr'><strong>meliore</strong></span> <span class='ocrx_word' id='word_1_54' title='bbox 1219 1177 1329 1242; x_wconf 89' lang='lat' dir='ltr'><strong>aetate,</strong></span> <span class='ocrx_word' id='word_1_55' title='bbox 1367 1171 1409 1228; x_wconf 90' lang='lat' dir='ltr'><strong>ita</strong></span> 
     </span>
     <span class='ocr_line' id='line_1_7' title="bbox 69 1269 1410 1351; baseline 0.003 -25"><span class='ocrx_word' id='word_1_56' title='bbox 69 1269 189 1328; x_wconf 90' lang='lat' dir='ltr'><strong>labente</strong></span> <span class='ocrx_word' id='word_1_57' title='bbox 216 1289 334 1347; x_wconf 91' lang='lat' dir='ltr'><strong>quoque</strong></span> <span class='ocrx_word' id='word_1_58' title='bbox 357 1273 567 1351; x_wconf 82' lang='lat' dir='ltr'><strong>magistratus,</strong></span> <span class='ocrx_word' id='word_1_59' title='bbox 594 1273 723 1330; x_wconf 86' lang='lat' dir='ltr'><strong>maxime</strong></span> <span class='ocrx_word' id='word_1_60' title='bbox 750 1283 909 1349; x_wconf 87' lang='lat' dir='ltr'><strong>antequam</strong></span> <span class='ocrx_word' id='word_1_61' title='bbox 937 1273 1059 1344; x_wconf 88' lang='lat' dir='ltr'><strong>inirent,</strong></span> <span class='ocrx_word' id='word_1_62' title='bbox 1089 1273 1125 1331; x_wconf 93' lang='lat' dir='ltr'><strong>de</strong></span> <span class='ocrx_word' id='word_1_63' title='bbox 1151 1272 1410 1331; x_wconf 80' lang='lat' dir='ltr'><strong>administratione</strong></span> 
     </span>
     <span class='ocr_line' id='line_1_8' title="bbox 70 1366 1410 1452; baseline 0 -22"><span class='ocrx_word' id='word_1_64' title='bbox 70 1371 206 1430; x_wconf 83' lang='lat' dir='ltr'><strong>edixisse</strong></span> <span class='ocrx_word' id='word_1_65' title='bbox 239 1373 425 1450; x_wconf 87' lang='lat' dir='ltr'><strong>intellegitur</strong></span> <span class='ocrx_word' id='word_1_66' title='bbox 451 1395 490 1434; x_wconf 82' lang='lat' dir='ltr'><strong>ex</strong></span> <span class='ocrx_word' id='word_1_67' title='bbox 517 1376 583 1452; x_wconf 88' lang='lat' dir='ltr'><strong>lege</strong></span> <span class='ocrx_word' id='word_1_68' title='bbox 611 1375 771 1432; x_wconf 89' lang='lat' dir='ltr'><strong>Iustiniani</strong></span> <span class='ocrx_word' id='word_1_69' title='bbox 802 1394 877 1452; x_wconf 92' lang='lat' dir='ltr'><strong>quae</strong></span> <span class='ocrx_word' id='word_1_70' title='bbox 905 1375 1267 1451; x_wconf 82' lang='lat' dir='ltr'><strong>epitomatasuperest1)</strong></span> <span class='ocrx_word' id='word_1_71' title='bbox 1297 1374 1351 1432; x_wconf 78' lang='lat' dir='ltr'><strong>:ai</strong></span> <span class='ocrx_word' id='word_1_72' title='bbox 1373 1366 1410 1430; x_wconf 72' lang='grc' dir='ltr'><strong>τὰ</strong></span> 
     </span>
     <span class='ocr_line' id='line_1_9' title="bbox 71 1464 1410 1560; baseline 0.002 -30"><span class='ocrx_word' id='word_1_73' title='bbox 71 1464 263 1550; x_wconf 63' lang='grc' dir='ltr'><em>διατάγματα</em></span> <span class='ocrx_word' id='word_1_74' title='bbox 289 1468 448 1546; x_wconf 50' lang='lat' dir='ltr'><strong>sculdatius</strong></span> <span class='ocrx_word' id='word_1_75' title='bbox 475 1479 531 1535; x_wconf 74' lang='grc' dir='ltr'><strong>τῶν</strong></span> <span class='ocrx_word' id='word_1_76' title='bbox 558 1467 716 1544; x_wconf 59' lang='grc' dir='ltr'>μελλόντων</span> <span class='ocrx_word' id='word_1_77' title='bbox 745 1466 850 1560; x_wconf 64' lang='grc' dir='ltr'><em>ἄρχειν</em></span> <span class='ocrx_word' id='word_1_78' title='bbox 876 1473 1021 1547; x_wconf 65' lang='grc' dir='ltr'>πολιτικὴν</span> <span class='ocrx_word' id='word_1_79' title='bbox 1047 1468 1065 1548; x_wconf 67' lang='grc' dir='ltr'><em>ἢ</em></span> <span class='ocrx_word' id='word_1_80' title='bbox 1089 1471 1290 1558; x_wconf 69' lang='grc' dir='ltr'><strong>στρατιωτικὴν</strong></span> <span class='ocrx_word' id='word_1_81' title='bbox 1312 1471 1410 1558; x_wconf 69' lang='grc' dir='ltr'>ἀρχὴν</span> 
     </span>
     <span class='ocr_line' id='line_1_10' title="bbox 70 1566 1413 1661; baseline 0.003 -29"><span class='ocrx_word' id='word_1_82' title='bbox 70 1566 226 1634; x_wconf 65' lang='grc' dir='ltr'><em>δεκαπέντε</em></span> <span class='ocrx_word' id='word_1_83' title='bbox 247 1568 349 1643; x_wconf 68' lang='grc' dir='ltr'>μένους</span> <span class='ocrx_word' id='word_1_84' title='bbox 370 1573 502 1660; x_wconf 58' lang='lat' dir='ltr'><strong>warde</strong></span> <span class='ocrx_word' id='word_1_85' title='bbox 524 1577 555 1636; x_wconf 79' lang='grc' dir='ltr'><strong>ἔκ</strong></span> <span class='ocrx_word' id='word_1_86' title='bbox 576 1580 627 1649; x_wconf 71' lang='grc' dir='ltr'><strong>τῆς</strong></span> <span class='ocrx_word' id='word_1_87' title='bbox 648 1570 795 1661; x_wconf 64' lang='grc' dir='ltr'><strong>ἐπαρχίας</strong></span> <span class='ocrx_word' id='word_1_88' title='bbox 814 1571 1045 1648; x_wconf 66' lang='grc' dir='ltr'><strong>κομιξέτθωσαν.</strong></span> <span class='ocrx_word' id='word_1_89' title='bbox 1074 1580 1139 1638; x_wconf 83' lang='lat' dir='ltr'><strong>lam</strong></span> <span class='ocrx_word' id='word_1_90' title='bbox 1158 1599 1223 1638; x_wconf 84' lang='lat' dir='ltr'><strong>cum</strong></span> <span class='ocrx_word' id='word_1_91' title='bbox 1239 1580 1306 1655; x_wconf 82' lang='lat' dir='ltr'><strong>ipsa</strong></span> <span class='ocrx_word' id='word_1_92' title='bbox 1322 1581 1413 1637; x_wconf 80' lang='lat' dir='ltr'><strong>verba</strong></span> 
     </span>
     <span class='ocr_line' id='line_1_11' title="bbox 68 1678 1409 1758; baseline 0.003 -22"><span class='ocrx_word' id='word_1_93' title='bbox 68 1678 241 1754; x_wconf 84' lang='lat' dir='ltr'><strong>significent</strong></span> <span class='ocrx_word' id='word_1_94' title='bbox 263 1681 396 1739; x_wconf 88' lang='lat' dir='ltr'><strong>ordinem</strong></span> <span class='ocrx_word' id='word_1_95' title='bbox 421 1683 610 1740; x_wconf 88' lang='lat' dir='ltr'><strong>salutationis</strong></span> <span class='ocrx_word' id='word_1_96' title='bbox 632 1701 651 1738; x_wconf 87' lang='lat' dir='ltr'><strong>a</strong></span> <span class='ocrx_word' id='word_1_97' title='bbox 673 1681 853 1739; x_wconf 88' lang='lat' dir='ltr'><strong>Marisciano</strong></span> <span class='ocrx_word' id='word_1_98' title='bbox 876 1682 987 1739; x_wconf 86' lang='lat' dir='ltr'><strong>iactum</strong></span> <span class='ocrx_word' id='word_1_99' title='bbox 1011 1701 1076 1740; x_wconf 90' lang='lat' dir='ltr'><strong>esse</strong></span> <span class='ocrx_word' id='word_1_100' title='bbox 1098 1691 1127 1740; x_wconf 92' lang='lat' dir='ltr'><strong>ct</strong></span> <span class='ocrx_word' id='word_1_101' title='bbox 1149 1682 1269 1740; x_wconf 91' lang='lat' dir='ltr'><strong>iubente</strong></span> <span class='ocrx_word' id='word_1_102' title='bbox 1292 1701 1327 1740; x_wconf 92' lang='lat' dir='ltr'><strong>co</strong></span> <span class='ocrx_word' id='word_1_103' title='bbox 1354 1701 1409 1758; x_wconf 93' lang='lat' dir='ltr'><strong>pu·</strong></span> 
     </span>
     <span class='ocr_line' id='line_1_12' title="bbox 68 1781 1410 1861; baseline 0.003 -24"><span class='ocrx_word' id='word_1_104' title='bbox 68 1781 148 1838; x_wconf 90' lang='lat' dir='ltr'><strong>blice</strong></span> <span class='ocrx_word' id='word_1_105' title='bbox 171 1785 357 1857; x_wconf 88' lang='lat' dir='ltr'><strong>propositum</strong></span> <span class='ocrx_word' id='word_1_106' title='bbox 380 1785 410 1841; x_wconf 93' lang='lat' dir='ltr'><strong>iu</strong></span> <span class='ocrx_word' id='word_1_107' title='bbox 427 1785 530 1842; x_wconf 91' lang='lat' dir='ltr'><strong>tabula</strong></span> <span class='ocrx_word' id='word_1_108' title='bbox 546 1802 642 1856; x_wconf 91' lang='lat' dir='ltr'><strong>aerea,</strong></span> <span class='ocrx_word' id='word_1_109' title='bbox 666 1783 816 1858; x_wconf 91' lang='lat' dir='ltr'><strong>quomodo</strong></span> <span class='ocrx_word' id='word_1_110' title='bbox 831 1783 860 1840; x_wconf 90' lang='lat' dir='ltr'><strong>id</strong></span> <span class='ocrx_word' id='word_1_111' title='bbox 877 1786 1020 1858; x_wconf 91' lang='lat' dir='ltr'><strong>perficere</strong></span> <span class='ocrx_word' id='word_1_112' title='bbox 1036 1786 1167 1861; x_wconf 90' lang='lat' dir='ltr'><strong>potuerit</strong></span> <span class='ocrx_word' id='word_1_113' title='bbox 1182 1784 1238 1843; x_wconf 92' lang='lat' dir='ltr'><strong>nisi</strong></span> <span class='ocrx_word' id='word_1_114' title='bbox 1254 1784 1410 1856; x_wconf 88' lang='lat' dir='ltr'><strong>edicendo,</strong></span> 
     </span>
     <span class='ocr_line' id='line_1_13' title="bbox 66 1881 1411 1964; baseline 0.002 -24"><span class='ocrx_word' id='word_1_115' title='bbox 66 1881 209 1959; x_wconf 89' lang='lat' dir='ltr'><strong>equidem</strong></span> <span class='ocrx_word' id='word_1_116' title='bbox 232 1902 291 1943; x_wconf 89' lang='lat' dir='ltr'><strong>non</strong></span> <span class='ocrx_word' id='word_1_117' title='bbox 314 1887 476 1964; x_wconf 87' lang='lat' dir='ltr'><strong>perspicio,</strong></span> <span class='ocrx_word' id='word_1_118' title='bbox 498 1904 677 1962; x_wconf 90' lang='lat' dir='ltr'><strong>quamquam</strong></span> <span class='ocrx_word' id='word_1_119' title='bbox 700 1905 802 1944; x_wconf 85' lang='lat' dir='ltr'><strong>verum</strong></span> <span class='ocrx_word' id='word_1_120' title='bbox 826 1896 952 1944; x_wconf 90' lang='lat' dir='ltr'><strong>estnon</strong></span> <span class='ocrx_word' id='word_1_121' title='bbox 973 1887 1065 1945; x_wconf 89' lang='lat' dir='ltr'><strong>verba</strong></span> <span class='ocrx_word' id='word_1_122' title='bbox 1085 1888 1115 1945; x_wconf 92' lang='lat' dir='ltr'><strong>in</strong></span> <span class='ocrx_word' id='word_1_123' title='bbox 1132 1887 1237 1946; x_wconf 90' lang='lat' dir='ltr'><strong>edictis</strong></span> <span class='ocrx_word' id='word_1_124' title='bbox 1253 1887 1411 1946; x_wconf 87' lang='lat' dir='ltr'><strong>sollemnia</strong></span> 
     </span>
     <span class='ocr_line' id='line_1_14' title="bbox 65 1985 1411 2066; baseline 0.004 -25"><span class='ocrx_word' id='word_1_125' title='bbox 65 1985 135 2061; x_wconf 85' lang='lat' dir='ltr'><strong>(ille</strong></span> <span class='ocrx_word' id='word_1_126' title='bbox 158 1985 240 2060; x_wconf 86' lang='lat' dir='ltr'><strong>dicit)</strong></span> <span class='ocrx_word' id='word_1_127' title='bbox 268 1989 455 2066; x_wconf 89' lang='lat' dir='ltr'><strong>praescripta</strong></span> <span class='ocrx_word' id='word_1_128' title='bbox 476 2005 557 2060; x_wconf 88' lang='lat' dir='ltr'><strong>esse,</strong></span> <span class='ocrx_word' id='word_1_129' title='bbox 585 1988 638 2047; x_wconf 89' lang='lat' dir='ltr'><strong>sed</strong></span> <span class='ocrx_word' id='word_1_130' title='bbox 660 2005 748 2063; x_wconf 89' lang='lat' dir='ltr'><strong>quem</strong></span> <span class='ocrx_word' id='word_1_131' title='bbox 770 2007 836 2045; x_wconf 85' lang='lat' dir='ltr'><strong>eam</strong></span> <span class='ocrx_word' id='word_1_132' title='bbox 859 2007 921 2046; x_wconf 90' lang='lat' dir='ltr'><strong>rem</strong></span> <span class='ocrx_word' id='word_1_133' title='bbox 943 2006 1066 2066; x_wconf 88' lang='lat' dir='ltr'><strong>praeses</strong></span> <span class='ocrx_word' id='word_1_134' title='bbox 1093 2008 1198 2047; x_wconf 87' lang='lat' dir='ltr'><strong>curare</strong></span> <span class='ocrx_word' id='word_1_135' title='bbox 1225 1990 1355 2048; x_wconf 89' lang='lat' dir='ltr'><strong>iusserat</strong></span> <span class='ocrx_word' id='word_1_136' title='bbox 1380 1990 1411 2047; x_wconf 92' lang='lat' dir='ltr'><strong>id</strong></span> 
     </span>
     <span class='ocr_line' id='line_1_15' title="bbox 64 2088 1412 2167; baseline 0.003 -22"><span class='ocrx_word' id='word_1_137' title='bbox 64 2088 154 2165; x_wconf 92' lang='lat' dir='ltr'><strong>quod</strong></span> <span class='ocrx_word' id='word_1_138' title='bbox 177 2088 302 2165; x_wconf 91' lang='lat' dir='ltr'><strong>legimus</strong></span> <span class='ocrx_word' id='word_1_139' title='bbox 325 2091 570 2167; x_wconf 87' lang='lat' dir='ltr'><strong>praescripsisse.</strong></span> <span class='ocrx_word' id='word_1_140' title='bbox 622 2088 701 2150; x_wconf 86' lang='lat' dir='ltr'><strong>Sane</strong></span> <span class='ocrx_word' id='word_1_141' title='bbox 723 2109 799 2166; x_wconf 92' lang='lat' dir='ltr'><strong>quae</strong></span> <span class='ocrx_word' id='word_1_142' title='bbox 826 2091 855 2147; x_wconf 92' lang='lat' dir='ltr'><strong>in</strong></span> <span class='ocrx_word' id='word_1_143' title='bbox 879 2091 1136 2150; x_wconf 88' lang='lat' dir='ltr'><strong>administratione</strong></span> <span class='ocrx_word' id='word_1_144' title='bbox 1164 2099 1319 2150; x_wconf 89' lang='lat' dir='ltr'><strong>secuturus</strong></span> <span class='ocrx_word' id='word_1_145' title='bbox 1348 2103 1412 2150; x_wconf 88' lang='lat' dir='ltr'><strong>erat</strong></span> 
     </span>
     <span class='ocr_line' id='line_1_16' title="bbox 64 2191 1412 2268; baseline 0.003 -19"><span class='ocrx_word' id='word_1_146' title='bbox 64 2209 140 2249; x_wconf 90' lang='lat' dir='ltr'><strong>cum</strong></span> <span class='ocrx_word' id='word_1_147' title='bbox 176 2191 205 2248; x_wconf 94' lang='lat' dir='ltr'><strong>in</strong></span> <span class='ocrx_word' id='word_1_148' title='bbox 234 2193 378 2268; x_wconf 89' lang='lat' dir='ltr'><strong>sportulis</strong></span> <span class='ocrx_word' id='word_1_149' title='bbox 412 2193 506 2252; x_wconf 89' lang='lat' dir='ltr'><strong>litium</strong></span> <span class='ocrx_word' id='word_1_150' title='bbox 536 2200 566 2251; x_wconf 89' lang='lat' dir='ltr'><strong>et</strong></span> <span class='ocrx_word' id='word_1_151' title='bbox 593 2193 805 2250; x_wconf 86' lang='lat' dir='ltr'><strong>advocatorum</strong></span> <span class='ocrx_word' id='word_1_152' title='bbox 835 2193 1003 2250; x_wconf 87' lang='lat' dir='ltr'><strong>honorariis</strong></span> <span class='ocrx_word' id='word_1_153' title='bbox 1032 2195 1259 2264; x_wconf 88' lang='lat' dir='ltr'><strong>constituendis,</strong></span> <span class='ocrx_word' id='word_1_154' title='bbox 1286 2204 1347 2252; x_wconf 90' lang='lat' dir='ltr'><strong>turn</strong></span> <span class='ocrx_word' id='word_1_155' title='bbox 1375 2193 1412 2252; x_wconf 89' lang='lat' dir='ltr'><strong>de</strong></span> 
     </span>
     <span class='ocr_line' id='line_1_17' title="bbox 65 2293 1411 2371; baseline 0.002 -19"><span class='ocrx_word' id='word_1_156' title='bbox 65 2293 178 2352; x_wconf 84' lang='lat' dir='ltr'><strong>ordine</strong></span> <span class='ocrx_word' id='word_1_157' title='bbox 201 2293 350 2351; x_wconf 88' lang='lat' dir='ltr'><strong>salutandi</strong></span> <span class='ocrx_word' id='word_1_158' title='bbox 373 2313 552 2371; x_wconf 87' lang='lat' dir='ltr'><strong>quamquam</strong></span> <span class='ocrx_word' id='word_1_159' title='bbox 576 2295 613 2352; x_wconf 90' lang='lat' dir='ltr'><strong>ad</strong></span> <span class='ocrx_word' id='word_1_160' title='bbox 636 2294 780 2352; x_wconf 86' lang='lat' dir='ltr'><strong>officiales</strong></span> <span class='ocrx_word' id='word_1_161' title='bbox 796 2295 984 2371; x_wconf 89' lang='lat' dir='ltr'><strong>potissimum</strong></span> <span class='ocrx_word' id='word_1_162' title='bbox 1001 2296 1150 2370; x_wconf 89' lang='lat' dir='ltr'><strong>pertinent</strong></span> <span class='ocrx_word' id='word_1_163' title='bbox 1166 2296 1211 2371; x_wconf 93' lang='lat' dir='ltr'><strong>(id</strong></span> <span class='ocrx_word' id='word_1_164' title='bbox 1228 2297 1306 2354; x_wconf 91' lang='lat' dir='ltr'><strong>enirn</strong></span> <span class='ocrx_word' id='word_1_165' title='bbox 1322 2297 1411 2355; x_wconf 87' lang='lat' dir='ltr'><strong>etiam</strong></span> 
     </span>
     <span class='ocr_line' id='line_1_18' title="bbox 64 2396 1412 2474; baseline 0.001 -20"><span class='ocrx_word' id='word_1_166' title='bbox 64 2397 106 2454; x_wconf 89' lang='lat' dir='ltr'><strong>de</strong></span> <span class='ocrx_word' id='word_1_167' title='bbox 120 2396 302 2454; x_wconf 86' lang='lat' dir='ltr'><strong>salutatione</strong></span> <span class='ocrx_word' id='word_1_168' title='bbox 315 2397 449 2455; x_wconf 89' lang='lat' dir='ltr'><strong>obtinere</strong></span> <span class='ocrx_word' id='word_1_169' title='bbox 465 2397 513 2456; x_wconf 86' lang='lat' dir='ltr'><strong>vel</strong></span> <span class='ocrx_word' id='word_1_170' title='bbox 531 2396 599 2454; x_wconf 89' lang='lat' dir='ltr'><strong>inde</strong></span> <span class='ocrx_word' id='word_1_171' title='bbox 616 2396 807 2472; x_wconf 88' lang='lat' dir='ltr'><strong>intellegitur,</strong></span> <span class='ocrx_word' id='word_1_172' title='bbox 825 2397 906 2471; x_wconf 91' lang='lat' dir='ltr'><strong>quod</strong></span> <span class='ocrx_word' id='word_1_173' title='bbox 926 2405 1049 2474; x_wconf 91' lang='lat' dir='ltr'><strong>propter</strong></span> <span class='ocrx_word' id='word_1_174' title='bbox 1065 2398 1225 2456; x_wconf 85' lang='lat' dir='ltr'><strong>commissa</strong></span> <span class='ocrx_word' id='word_1_175' title='bbox 1241 2418 1276 2456; x_wconf 87' lang='lat' dir='ltr'><strong>eo</strong></span> <span class='ocrx_word' id='word_1_176' title='bbox 1292 2399 1412 2457; x_wconf 89' lang='lat' dir='ltr'><strong>nomine</strong></span> 
     </span>
     <span class='ocr_line' id='line_1_19' title="bbox 63 2497 1411 2576; baseline 0.001 -19"><span class='ocrx_word' id='word_1_177' title='bbox 63 2500 205 2558; x_wconf 79' lang='lat' dir='ltr'><strong>officium</strong></span> <span class='ocrx_word' id='word_1_178' title='bbox 229 2499 418 2574; x_wconf 88' lang='lat' dir='ltr'><strong>potissimum</strong></span> <span class='ocrx_word' id='word_1_179' title='bbox 442 2497 639 2574; x_wconf 68' lang='lat' dir='ltr'><strong>multatur2),</strong></span> <span class='ocrx_word' id='word_1_180' title='bbox 665 2503 735 2558; x_wconf 90' lang='lat' dir='ltr'><strong>item</strong></span> <span class='ocrx_word' id='word_1_181' title='bbox 759 2499 868 2556; x_wconf 89' lang='lat' dir='ltr'><strong>civium</strong></span> <span class='ocrx_word' id='word_1_182' title='bbox 891 2499 1022 2557; x_wconf 90' lang='lat' dir='ltr'><strong>omnium</strong></span> <span class='ocrx_word' id='word_1_183' title='bbox 1046 2501 1188 2558; x_wconf 87' lang='lat' dir='ltr'><strong>intererat</strong></span> <span class='ocrx_word' id='word_1_184' title='bbox 1209 2518 1311 2571; x_wconf 80' lang='lat' dir='ltr'><strong>nosse3</strong></span> <span class='ocrx_word' id='word_1_185' title='bbox 1338 2519 1411 2576; x_wconf 90' lang='lat' dir='ltr'><strong>qua-</strong></span> 
     </span>
     <span class='ocr_line' id='line_1_20' title="bbox 62 2601 1412 2680; baseline 0.001 -20"><span class='ocrx_word' id='word_1_186' title='bbox 62 2611 198 2680; x_wconf 89' lang='lat' dir='ltr'><strong>propter</strong></span> <span class='ocrx_word' id='word_1_187' title='bbox 220 2619 278 2660; x_wconf 91' lang='lat' dir='ltr'><strong>non</strong></span> <span class='ocrx_word' id='word_1_188' title='bbox 301 2602 364 2660; x_wconf 92' lang='lat' dir='ltr'><strong>sine</strong></span> <span class='ocrx_word' id='word_1_189' title='bbox 391 2601 500 2659; x_wconf 88' lang='lat' dir='ltr'><strong>idonea</strong></span> <span class='ocrx_word' id='word_1_190' title='bbox 524 2619 617 2660; x_wconf 78' lang='lat' dir='ltr'><strong>carisa</strong></span> <span class='ocrx_word' id='word_1_191' title='bbox 642 2602 717 2660; x_wconf 89' lang='lat' dir='ltr'><strong>haec</strong></span> <span class='ocrx_word' id='word_1_192' title='bbox 743 2611 773 2660; x_wconf 92' lang='lat' dir='ltr'><strong>et</strong></span> <span class='ocrx_word' id='word_1_193' title='bbox 800 2601 866 2677; x_wconf 88' lang='lat' dir='ltr'><strong>ipse</strong></span> <span class='ocrx_word' id='word_1_194' title='bbox 891 2601 1010 2677; x_wconf 91' lang='lat' dir='ltr'><strong>publice</strong></span> <span class='ocrx_word' id='word_1_195' title='bbox 1035 2603 1163 2678; x_wconf 92' lang='lat' dir='ltr'><strong>proponi</strong></span> <span class='ocrx_word' id='word_1_196' title='bbox 1188 2602 1276 2660; x_wconf 91' lang='lat' dir='ltr'><strong>iussit</strong></span> <span class='ocrx_word' id='word_1_197' title='bbox 1302 2609 1333 2660; x_wconf 89' lang='lat' dir='ltr'><strong>et</strong></span> <span class='ocrx_word' id='word_1_198' title='bbox 1358 2623 1412 2679; x_wconf 91' lang='lat' dir='ltr'><strong>per</strong></span> 
     </span>
     <span class='ocr_line' id='line_1_21' title="bbox 63 2701 1411 2780; baseline 0 -17"><span class='ocrx_word' id='word_1_199' title='bbox 63 2705 213 2763; x_wconf 87' lang='lat' dir='ltr'><strong>civitates</strong></span> <span class='ocrx_word' id='word_1_200' title='bbox 248 2701 407 2762; x_wconf 83' lang='lat' dir='ltr'><strong>Numidiae</strong></span> <span class='ocrx_word' id='word_1_201' title='bbox 441 2704 632 2780; x_wconf 86' lang='lat' dir='ltr'><strong>magistratus</strong></span> <span class='ocrx_word' id='word_1_202' title='bbox 666 2702 803 2762; x_wconf 89' lang='lat' dir='ltr'><strong>similiter</strong></span> <span class='ocrx_word' id='word_1_203' title='bbox 833 2703 1070 2779; x_wconf 90' lang='lat' dir='ltr'><strong>publicaverunt.</strong></span> <span class='ocrx_word' id='word_1_204' title='bbox 1124 2702 1264 2762; x_wconf 87' lang='lat' dir='ltr'><strong>Ceterum</strong></span> <span class='ocrx_word' id='word_1_205' title='bbox 1297 2712 1411 2764; x_wconf 84' lang='lat' dir='ltr'><strong>tanturn</strong></span> 
     </span>
     <span class='ocr_line' id='line_1_22' title="bbox 62 2805 1411 2878; baseline -0.001 -12"><span class='ocrx_word' id='word_1_206' title='bbox 62 2808 172 2876; x_wconf 84' lang='lat' dir='ltr'><strong>abest,</strong></span> <span class='ocrx_word' id='word_1_207' title='bbox 195 2813 226 2863; x_wconf 93' lang='lat' dir='ltr'><strong>ut</strong></span> <span class='ocrx_word' id='word_1_208' title='bbox 248 2824 302 2864; x_wconf 88' lang='lat' dir='ltr'><strong>suo</strong></span> <span class='ocrx_word' id='word_1_209' title='bbox 324 2805 447 2864; x_wconf 87' lang='lat' dir='ltr'><strong>arbitrio</strong></span> <span class='ocrx_word' id='word_1_210' title='bbox 465 2806 665 2865; x_wconf 87' lang='lat' dir='ltr'><strong>Mariscianus</strong></span> <span class='ocrx_word' id='word_1_211' title='bbox 688 2806 884 2864; x_wconf 90' lang='lat' dir='ltr'><strong>haecomnia</strong></span> <span class='ocrx_word' id='word_1_212' title='bbox 909 2807 1098 2866; x_wconf 89' lang='lat' dir='ltr'><strong>constituisse</strong></span> <span class='ocrx_word' id='word_1_213' title='bbox 1121 2806 1339 2865; x_wconf 86' lang='lat' dir='ltr'><strong>existimandus</strong></span> <span class='ocrx_word' id='word_1_214' title='bbox 1363 2808 1411 2878; x_wconf 91' lang='lat' dir='ltr'><strong>sit,</strong></span> 
     </span>
     <span class='ocr_line' id='line_1_23' title="bbox 62 2906 1412 2987; baseline 0.001 -19"><span class='ocrx_word' id='word_1_215' title='bbox 62 2919 100 2968; x_wconf 90' lang='lat' dir='ltr'><strong>ut</strong></span> <span class='ocrx_word' id='word_1_216' title='bbox 128 2907 196 2966; x_wconf 90' lang='lat' dir='ltr'><strong>sine</strong></span> <span class='ocrx_word' id='word_1_217' title='bbox 218 2906 308 2966; x_wconf 91' lang='lat' dir='ltr'><strong>dubio</strong></span> <span class='ocrx_word' id='word_1_218' title='bbox 330 2908 472 2984; x_wconf 88' lang='lat' dir='ltr'><strong>pleraque</strong></span> <span class='ocrx_word' id='word_1_219' title='bbox 494 2916 573 2967; x_wconf 89' lang='lat' dir='ltr'><strong>certe</strong></span> <span class='ocrx_word' id='word_1_220' title='bbox 596 2907 634 2965; x_wconf 89' lang='lat' dir='ltr'><strong>ad</strong></span> <span class='ocrx_word' id='word_1_221' title='bbox 656 2909 702 2966; x_wconf 90' lang='lat' dir='ltr'><strong>ius</strong></span> <span class='ocrx_word' id='word_1_222' title='bbox 721 2926 878 2966; x_wconf 89' lang='lat' dir='ltr'><strong>commune</strong></span> <span class='ocrx_word' id='word_1_223' title='bbox 894 2909 1049 2981; x_wconf 91' lang='lat' dir='ltr'><strong>ordinarit,</strong></span> <span class='ocrx_word' id='word_1_224' title='bbox 1070 2928 1135 2968; x_wconf 88' lang='lat' dir='ltr'><strong>cum</strong></span> <span class='ocrx_word' id='word_1_225' title='bbox 1153 2909 1327 2985; x_wconf 91' lang='lat' dir='ltr'><strong>praesertim</strong></span> <span class='ocrx_word' id='word_1_226' title='bbox 1346 2910 1412 2987; x_wconf 88' lang='lat' dir='ltr'><strong>ipse</strong></span> 
     </span>
     <span class='ocr_line' id='line_1_24' title="bbox 62 3009 856 3087; baseline -0.004 -16"><span class='ocrx_word' id='word_1_227' title='bbox 62 3010 189 3071; x_wconf 89' lang='lat' dir='ltr'><strong>adiciat</strong></span> <span class='ocrx_word' id='word_1_228' title='bbox 209 3019 240 3067; x_wconf 89' lang='lat' dir='ltr'><strong>at</strong></span> <span class='ocrx_word' id='word_1_229' title='bbox 259 3013 459 3087; x_wconf 83' lang='lat' dir='ltr'><strong>perpetuitatis</strong></span> <span class='ocrx_word' id='word_1_230' title='bbox 480 3014 642 3070; x_wconf 67' lang='lat' dir='ltr'><strong>menonem</strong></span> <span class='ocrx_word' id='word_1_231' title='bbox 662 3010 736 3067; x_wconf 89' lang='lat' dir='ltr'><strong>haec</strong></span> <span class='ocrx_word' id='word_1_232' title='bbox 756 3009 856 3069; x_wconf 91' lang='lat' dir='ltr'><strong>incidi.</strong></span> 
     </span>
    </p>

    <p class='ocr_par' dir='ltr' id='par_1_3' title="bbox 57 3110 1415 3990">
     <span class='ocr_line' id='line_1_25' title="bbox 115 3110 1414 3191; baseline 0 -19"><span class='ocrx_word' id='word_1_233' title='bbox 115 3110 203 3172; x_wconf 91' lang='lat' dir='ltr'><strong>Olim</strong></span> <span class='ocrx_word' id='word_1_234' title='bbox 225 3113 304 3188; x_wconf 92' lang='lat' dir='ltr'><strong>quod</strong></span> <span class='ocrx_word' id='word_1_235' title='bbox 326 3123 477 3190; x_wconf 91' lang='lat' dir='ltr'><strong>receptum</strong></span> <span class='ocrx_word' id='word_1_236' title='bbox 504 3120 551 3172; x_wconf 91' lang='lat' dir='ltr'><strong>est</strong></span> <span class='ocrx_word' id='word_1_237' title='bbox 572 3111 650 3190; x_wconf 87' lang='lat' dir='ltr'><strong>apud</strong></span> <span class='ocrx_word' id='word_1_238' title='bbox 672 3112 825 3171; x_wconf 87' lang='lat' dir='ltr'><strong>Romanos</strong></span> <span class='ocrx_word' id='word_1_239' title='bbox 851 3130 910 3170; x_wconf 92' lang='lat' dir='ltr'><strong>non</strong></span> <span class='ocrx_word' id='word_1_240' title='bbox 939 3114 1107 3188; x_wconf 87' lang='lat' dir='ltr'><strong>promiscue</strong></span> <span class='ocrx_word' id='word_1_241' title='bbox 1133 3113 1334 3191; x_wconf 88' lang='lat' dir='ltr'><strong>provinciales</strong></span> <span class='ocrx_word' id='word_1_242' title='bbox 1362 3114 1414 3172; x_wconf 90' lang='lat' dir='ltr'><strong>ad·</strong></span> 
     </span>
     <span class='ocr_line' id='line_1_26' title="bbox 61 3213 1414 3292; baseline -0.001 -16"><span class='ocrx_word' id='word_1_243' title='bbox 61 3213 241 3276; x_wconf 91' lang='lat' dir='ltr'><strong>mittendos</strong></span> <span class='ocrx_word' id='word_1_244' title='bbox 270 3231 338 3274; x_wconf 87' lang='lat' dir='ltr'><strong>esse</strong></span> <span class='ocrx_word' id='word_1_245' title='bbox 366 3215 404 3272; x_wconf 90' lang='lat' dir='ltr'><strong>ad</strong></span> <span class='ocrx_word' id='word_1_246' title='bbox 433 3214 587 3292; x_wconf 89' lang='lat' dir='ltr'><strong>praesides</strong></span> <span class='ocrx_word' id='word_1_247' title='bbox 615 3214 774 3290; x_wconf 83' lang='lat' dir='ltr'><strong>complexu</strong></span> <span class='ocrx_word' id='word_1_248' title='bbox 800 3215 915 3274; x_wconf 89' lang='lat' dir='ltr'><strong>seilicet</strong></span> <span class='ocrx_word' id='word_1_249' title='bbox 941 3229 970 3272; x_wconf 90' lang='lat' dir='ltr'><strong>et</strong></span> <span class='ocrx_word' id='word_1_250' title='bbox 996 3216 1100 3274; x_wconf 88' lang='lat' dir='ltr'><strong>osculo</strong></span> <span class='ocrx_word' id='word_1_251' title='bbox 1130 3215 1346 3292; x_wconf 67' lang='lat' dir='ltr'><strong>salutandosi)</strong></span> <span class='ocrx_word' id='word_1_252' title='bbox 1374 3225 1414 3289; x_wconf 91' lang='lat' dir='ltr'><strong>et,</strong></span> 
     </span>
     <span class='ocr_line' id='line_1_27' title="bbox 61 3316 1414 3396; baseline 0.001 -21"><span class='ocrx_word' id='word_1_253' title='bbox 61 3316 160 3396; x_wconf 89' lang='lat' dir='ltr'><strong>quod</strong></span> <span class='ocrx_word' id='word_1_254' title='bbox 183 3334 248 3374; x_wconf 91' lang='lat' dir='ltr'><strong>cum</strong></span> <span class='ocrx_word' id='word_1_255' title='bbox 272 3335 308 3374; x_wconf 88' lang='lat' dir='ltr'><strong>ea</strong></span> <span class='ocrx_word' id='word_1_256' title='bbox 329 3336 361 3375; x_wconf 90' lang='lat' dir='ltr'><strong>re</strong></span> <span class='ocrx_word' id='word_1_257' title='bbox 383 3318 570 3376; x_wconf 90' lang='lat' dir='ltr'><strong>coniunctum</strong></span> <span class='ocrx_word' id='word_1_258' title='bbox 593 3317 657 3388; x_wconf 86' lang='lat' dir='ltr'><strong>tuit,</strong></span> <span class='ocrx_word' id='word_1_259' title='bbox 680 3316 718 3374; x_wconf 91' lang='lat' dir='ltr'><strong>ad</strong></span> <span class='ocrx_word' id='word_1_260' title='bbox 737 3317 984 3376; x_wconf 90' lang='lat' dir='ltr'><strong>introductionem</strong></span> <span class='ocrx_word' id='word_1_261' title='bbox 999 3318 1029 3375; x_wconf 90' lang='lat' dir='ltr'><strong>in</strong></span> <span class='ocrx_word' id='word_1_262' title='bbox 1045 3317 1212 3376; x_wconf 90' lang='lat' dir='ltr'><strong>cubiculum</strong></span> <span class='ocrx_word' id='word_1_263' title='bbox 1228 3336 1329 3376; x_wconf 92' lang='lat' dir='ltr'><strong>eorum</strong></span> <span class='ocrx_word' id='word_1_264' title='bbox 1344 3337 1414 3377; x_wconf 92' lang='lat' dir='ltr'><strong>con·</strong></span> 
     </span>
     <span class='ocr_line' id='line_1_28' title="bbox 58 3418 1414 3498; baseline -0.002 -17"><span class='ocrx_word' id='word_1_265' title='bbox 58 3418 306 3495; x_wconf 79' lang='lat' dir='ltr'><strong>sessumque⁴)‚</strong></span> <span class='ocrx_word' id='word_1_266' title='bbox 334 3419 365 3478; x_wconf 92' lang='lat' dir='ltr'><strong>id</strong></span> <span class='ocrx_word' id='word_1_267' title='bbox 388 3429 492 3495; x_wconf 89' lang='lat' dir='ltr'><strong>postea</strong></span> <span class='ocrx_word' id='word_1_268' title='bbox 517 3437 634 3496; x_wconf 90' lang='lat' dir='ltr'><strong>quoque</strong></span> <span class='ocrx_word' id='word_1_269' title='bbox 661 3419 808 3478; x_wconf 89' lang='lat' dir='ltr'><strong>mansisse</strong></span> <span class='ocrx_word' id='word_1_270' title='bbox 835 3421 1062 3479; x_wconf 87' lang='lat' dir='ltr'><strong>constitutiones</strong></span> <span class='ocrx_word' id='word_1_271' title='bbox 1090 3420 1191 3498; x_wconf 89' lang='lat' dir='ltr'><strong>plures</strong></span> <span class='ocrx_word' id='word_1_272' title='bbox 1217 3421 1414 3496; x_wconf 72' lang='lat' dir='ltr'><strong>testanturi).</strong></span> 
     </span>
     <span class='ocr_line' id='line_1_29' title="bbox 61 3521 1414 3598; baseline 0.001 -19"><span class='ocrx_word' id='word_1_273' title='bbox 61 3521 238 3596; x_wconf 86' lang='lat' dir='ltr'><strong>Quomodo</strong></span> <span class='ocrx_word' id='word_1_274' title='bbox 260 3529 357 3579; x_wconf 88' lang='lat' dir='ltr'><strong>autern</strong></span> <span class='ocrx_word' id='word_1_275' title='bbox 379 3531 486 3598; x_wconf 89' lang='lat' dir='ltr'><strong>quarto</strong></span> <span class='ocrx_word' id='word_1_276' title='bbox 509 3521 631 3580; x_wconf 88' lang='lat' dir='ltr'><strong>saeculo</strong></span> <span class='ocrx_word' id='word_1_277' title='bbox 653 3539 701 3579; x_wconf 88' lang='lat' dir='ltr'><strong>res</strong></span> <span class='ocrx_word' id='word_1_278' title='bbox 724 3521 934 3582; x_wconf 87' lang='lat' dir='ltr'><strong>administrata</strong></span> <span class='ocrx_word' id='word_1_279' title='bbox 957 3523 1011 3592; x_wconf 92' lang='lat' dir='ltr'><strong>sit,</strong></span> <span class='ocrx_word' id='word_1_280' title='bbox 1038 3525 1108 3581; x_wconf 86' lang='lat' dir='ltr'><strong>ardo</strong></span> <span class='ocrx_word' id='word_1_281' title='bbox 1131 3523 1310 3582; x_wconf 82' lang='lat' dir='ltr'><strong>salutationis</strong></span> <span class='ocrx_word' id='word_1_282' title='bbox 1333 3523 1414 3581; x_wconf 90' lang='lat' dir='ltr'><strong>Tha-</strong></span> 
     </span>
     <span class='ocr_line' id='line_1_30' title="bbox 57 3623 1414 3702; baseline -0.001 -18"><span class='ocrx_word' id='word_1_283' title='bbox 57 3623 198 3701; x_wconf 86' lang='lat' dir='ltr'><strong>mugadi</strong></span> <span class='ocrx_word' id='word_1_284' title='bbox 220 3633 357 3700; x_wconf 90' lang='lat' dir='ltr'><strong>repertus</strong></span> <span class='ocrx_word' id='word_1_285' title='bbox 383 3624 463 3683; x_wconf 86' lang='lat' dir='ltr'><strong>clara</strong></span> <span class='ocrx_word' id='word_1_286' title='bbox 488 3625 555 3683; x_wconf 91' lang='lat' dir='ltr'><strong>luce</strong></span> <span class='ocrx_word' id='word_1_287' title='bbox 579 3623 726 3696; x_wconf 87' lang='lat' dir='ltr'><strong>illustrat,</strong></span> <span class='ocrx_word' id='word_1_288' title='bbox 752 3643 929 3702; x_wconf 89' lang='lat' dir='ltr'><strong>quamquam</strong></span> <span class='ocrx_word' id='word_1_289' title='bbox 956 3625 982 3682; x_wconf 90' lang='lat' dir='ltr'><strong>ei</strong></span> <span class='ocrx_word' id='word_1_290' title='bbox 1009 3624 1067 3683; x_wconf 90' lang='lat' dir='ltr'><strong>luci</strong></span> <span class='ocrx_word' id='word_1_291' title='bbox 1096 3644 1154 3684; x_wconf 93' lang='lat' dir='ltr'><strong>non</strong></span> <span class='ocrx_word' id='word_1_292' title='bbox 1182 3645 1287 3701; x_wconf 92' lang='lat' dir='ltr'><strong>parum</strong></span> <span class='ocrx_word' id='word_1_293' title='bbox 1315 3625 1414 3683; x_wconf 88' lang='lat' dir='ltr'><strong>hiatus</strong></span> 
     </span>
     <span class='ocr_line' id='line_1_31' title="bbox 60 3726 1415 3803; baseline -0.001 -17"><span class='ocrx_word' id='word_1_294' title='bbox 60 3726 214 3786; x_wconf 81' lang='lat' dir='ltr'><strong>officiant</strong></span> <span class='ocrx_word' id='word_1_295' title='bbox 235 3733 367 3784; x_wconf 90' lang='lat' dir='ltr'><strong>tenorem</strong></span> <span class='ocrx_word' id='word_1_296' title='bbox 391 3727 569 3803; x_wconf 87' lang='lat' dir='ltr'><strong>praescripti</strong></span> <span class='ocrx_word' id='word_1_297' title='bbox 592 3727 841 3803; x_wconf 88' lang='lat' dir='ltr'><strong>interrumpentes</strong></span> <span class='ocrx_word' id='word_1_298' title='bbox 864 3747 960 3803; x_wconf 90' lang='lat' dir='ltr'><strong>neque</strong></span> <span class='ocrx_word' id='word_1_299' title='bbox 986 3727 1047 3785; x_wconf 92' lang='lat' dir='ltr'><strong>ullo</strong></span> <span class='ocrx_word' id='word_1_300' title='bbox 1076 3729 1164 3785; x_wconf 91' lang='lat' dir='ltr'><strong>modo</strong></span> <span class='ocrx_word' id='word_1_301' title='bbox 1192 3735 1274 3785; x_wconf 88' lang='lat' dir='ltr'><strong>certa</strong></span> <span class='ocrx_word' id='word_1_302' title='bbox 1300 3727 1415 3785; x_wconf 88' lang='lat' dir='ltr'><strong>ratione</strong></span> 
     </span>
     <span class='ocr_line' id='line_1_32' title="bbox 61 3827 1415 3906; baseline 0 -20"><span class='ocrx_word' id='word_1_303' title='bbox 61 3827 235 3906; x_wconf 84' lang='lat' dir='ltr'><strong>explendi;</strong></span> <span class='ocrx_word' id='word_1_304' title='bbox 256 3837 303 3887; x_wconf 88' lang='lat' dir='ltr'><strong>est</strong></span> <span class='ocrx_word' id='word_1_305' title='bbox 323 3829 401 3887; x_wconf 89' lang='lat' dir='ltr'><strong>enim</strong></span> <span class='ocrx_word' id='word_1_306' title='bbox 424 3829 552 3888; x_wconf 89' lang='lat' dir='ltr'><strong>edictum</strong></span> <span class='ocrx_word' id='word_1_307' title='bbox 574 3847 627 3888; x_wconf 89' lang='lat' dir='ltr'><strong>suo</strong></span> <span class='ocrx_word' id='word_1_308' title='bbox 650 3846 757 3905; x_wconf 88' lang='lat' dir='ltr'><strong>genere</strong></span> <span class='ocrx_word' id='word_1_309' title='bbox 780 3830 897 3888; x_wconf 90' lang='lat' dir='ltr'><strong>unicum</strong></span> <span class='ocrx_word' id='word_1_310' title='bbox 920 3837 949 3888; x_wconf 90' lang='lat' dir='ltr'><strong>et</strong></span> <span class='ocrx_word' id='word_1_311' title='bbox 970 3831 1046 3888; x_wconf 91' lang='lat' dir='ltr'><strong>inter</strong></span> <span class='ocrx_word' id='word_1_312' title='bbox 1068 3829 1256 3904; x_wconf 90' lang='lat' dir='ltr'><strong>antiquitatis</strong></span> <span class='ocrx_word' id='word_1_313' title='bbox 1274 3829 1415 3904; x_wconf 91' lang='lat' dir='ltr'><strong>reliquias</strong></span> 
     </span>
     <span class='ocr_line' id='line_1_33' title="bbox 66 3931 392 3990; baseline 0.003 -2"><span class='ocrx_word' id='word_1_314' title='bbox 66 3931 126 3988; x_wconf 80' lang='lat' dir='ltr'><strong>sui</strong></span> <span class='ocrx_word' id='word_1_315' title='bbox 148 3940 264 3990; x_wconf 81' lang='lat' dir='ltr'><strong>tantum</strong></span> <span class='ocrx_word' id='word_1_316' title='bbox 287 3931 392 3990; x_wconf 89' lang='lat' dir='ltr'><strong>simile.</strong></span> 
     </span>
    </p>
   </div>
   <div class='ocr_carea' id='block_1_3' title="bbox 59 4167 1436 4524">
    <p class='ocr_par' dir='ltr' id='par_1_4' title="bbox 59 4167 1436 4524">
     <span class='ocr_line' id='line_1_34' title="bbox 141 4167 1415 4239; baseline -0.002 -17"><span class='ocrx_word' id='word_1_317' title='bbox 141 4167 164 4232; x_wconf 86' lang='lat'><strong>¹)</strong></span> <span class='ocrx_word' id='word_1_318' title='bbox 185 4171 215 4222; x_wconf 89' lang='lat' dir='ltr'><strong>C.</strong></span> <span class='ocrx_word' id='word_1_319' title='bbox 229 4172 291 4222; x_wconf 90' lang='lat' dir='ltr'><strong>Iust.</strong></span> <span class='ocrx_word' id='word_1_320' title='bbox 306 4173 331 4234; x_wconf 86' lang='grc'><strong>3,</strong></span> <span class='ocrx_word' id='word_1_321' title='bbox 347 4174 372 4235; x_wconf 91' lang='grc'><strong>2,</strong></span> <span class='ocrx_word' id='word_1_322' title='bbox 387 4175 411 4223; x_wconf 91' lang='grc'><strong>2.</strong></span> <span class='ocrx_word' id='word_1_323' title='bbox 451 4172 623 4224; x_wconf 78' lang='lat' dir='ltr'><strong>Conferantur</strong></span> <span class='ocrx_word' id='word_1_324' title='bbox 641 4173 768 4239; x_wconf 87' lang='lat' dir='ltr'><strong>Ulpianus</strong></span> <span class='ocrx_word' id='word_1_325' title='bbox 786 4173 987 4238; x_wconf 80' lang='lat' dir='ltr'><strong>Dig.1,16,4,</strong></span> <span class='ocrx_word' id='word_1_326' title='bbox 1006 4173 1035 4234; x_wconf 75' lang='lat'><strong>33</strong></span> <span class='ocrx_word' id='word_1_327' title='bbox 1057 4170 1236 4222; x_wconf 84' lang='lat' dir='ltr'><strong>Cassiodorius</strong></span> <span class='ocrx_word' id='word_1_328' title='bbox 1256 4185 1309 4220; x_wconf 89' lang='lat' dir='ltr'><strong>var.</strong></span> <span class='ocrx_word' id='word_1_329' title='bbox 1326 4171 1368 4233; x_wconf 86' lang='lat'><strong>11,</strong></span> <span class='ocrx_word' id='word_1_330' title='bbox 1390 4171 1415 4220; x_wconf 90' lang='lat'><strong>8.</strong></span> 
     </span>
     <span class='ocr_line' id='line_1_35' title="bbox 141 4261 1417 4328; baseline -0.001 -15"><span class='ocrx_word' id='word_1_331' title='bbox 141 4261 165 4325; x_wconf 81' lang='lat'><strong>²)</strong></span> <span class='ocrx_word' id='word_1_332' title='bbox 185 4263 215 4313; x_wconf 85' lang='lat' dir='ltr'><strong>G.</strong></span> <span class='ocrx_word' id='word_1_333' title='bbox 229 4265 279 4315; x_wconf 87' lang='lat' dir='ltr'><strong>Th.</strong></span> <span class='ocrx_word' id='word_1_334' title='bbox 294 4265 319 4326; x_wconf 84' lang='lat'><strong>6,</strong></span> <span class='ocrx_word' id='word_1_335' title='bbox 335 4267 378 4327; x_wconf 85' lang='grc'><strong>18,</strong></span> <span class='ocrx_word' id='word_1_336' title='bbox 395 4267 419 4315; x_wconf 89' lang='lat'><strong>1.</strong></span> <span class='ocrx_word' id='word_1_337' title='bbox 467 4266 492 4328; x_wconf 91' lang='grc'><strong>6,</strong></span> <span class='ocrx_word' id='word_1_338' title='bbox 513 4267 557 4328; x_wconf 83' lang='grc'><strong>25,</strong></span> <span class='ocrx_word' id='word_1_339' title='bbox 579 4267 594 4316; x_wconf 84' lang='grc'>5</span> <span class='ocrx_word' id='word_1_340' title='bbox 615 4286 648 4307; x_wconf 92' lang='grc'><strong>--</strong></span> <span class='ocrx_word' id='word_1_341' title='bbox 668 4265 775 4316; x_wconf 87' lang='lat' dir='ltr'><strong>C.Iust.</strong></span> <span class='ocrx_word' id='word_1_342' title='bbox 797 4269 820 4328; x_wconf 91' lang='lat'><strong>1,</strong></span> <span class='ocrx_word' id='word_1_343' title='bbox 835 4265 909 4327; x_wconf 81' lang='lat'><strong>48,3</strong></span> <span class='ocrx_word' id='word_1_344' title='bbox 930 4271 955 4314; x_wconf 88' lang='lat' dir='ltr'><strong>et</strong></span> <span class='ocrx_word' id='word_1_345' title='bbox 976 4267 1017 4326; x_wconf 93' lang='grc'><strong>12,</strong></span> <span class='ocrx_word' id='word_1_346' title='bbox 1035 4266 1077 4327; x_wconf 85' lang='lat'><strong>19,</strong></span> <span class='ocrx_word' id='word_1_347' title='bbox 1092 4266 1116 4314; x_wconf 92' lang='grc'><strong>2.</strong></span> <span class='ocrx_word' id='word_1_348' title='bbox 1157 4263 1186 4314; x_wconf 86' lang='lat' dir='ltr'><strong>C.</strong></span> <span class='ocrx_word' id='word_1_349' title='bbox 1201 4263 1251 4314; x_wconf 88' lang='lat' dir='ltr'><strong>Th.</strong></span> <span class='ocrx_word' id='word_1_350' title='bbox 1274 4263 1298 4324; x_wconf 88' lang='grc'><strong>6,</strong></span> <span class='ocrx_word' id='word_1_351' title='bbox 1315 4265 1357 4325; x_wconf 85' lang='grc'><strong>27,</strong></span> <span class='ocrx_word' id='word_1_352' title='bbox 1374 4265 1417 4313; x_wconf 91' lang='grc'><strong>10.</strong></span> 
     </span>
     <span class='ocr_line' id='line_1_36' title="bbox 142 4351 1418 4424; baseline -0.002 -18"><span class='ocrx_word' id='word_1_353' title='bbox 142 4351 165 4416; x_wconf 82' lang='lat'><strong>³)</strong></span> <span class='ocrx_word' id='word_1_354' title='bbox 186 4356 290 4406; x_wconf 82' lang='lat' dir='ltr'><strong>Tacitus</strong></span> <span class='ocrx_word' id='word_1_355' title='bbox 309 4371 369 4406; x_wconf 87' lang='lat' dir='ltr'><strong>ann.</strong></span> <span class='ocrx_word' id='word_1_356' title='bbox 386 4357 428 4419; x_wconf 81' lang='lat'><strong>15,</strong></span> <span class='ocrx_word' id='word_1_357' title='bbox 443 4357 490 4407; x_wconf 79' lang='lat'><strong>31:</strong></span> <span class='ocrx_word' id='word_1_358' title='bbox 510 4373 540 4407; x_wconf 87' lang='lat' dir='ltr'><strong>ne</strong></span> <span class='ocrx_word' id='word_1_359' title='bbox 551 4393 576 4408; x_wconf 92' lang='lat'><strong>..</strong></span> <span class='ocrx_word' id='word_1_360' title='bbox 595 4355 724 4408; x_wconf 78' lang='lat' dir='ltr'><strong>Tiridates</strong></span> <span class='ocrx_word' id='word_1_361' title='bbox 743 4356 925 4424; x_wconf 75' lang='lat' dir='ltr'><strong>...complexa</strong></span> <span class='ocrx_word' id='word_1_362' title='bbox 942 4357 1090 4422; x_wconf 85' lang='lat' dir='ltr'><strong>prouincias</strong></span> <span class='ocrx_word' id='word_1_363' title='bbox 1110 4353 1269 4406; x_wconf 87' lang='lat' dir='ltr'><strong>obtinentiam</strong></span> <span class='ocrx_word' id='word_1_364' title='bbox 1288 4361 1418 4405; x_wconf 81' lang='lat' dir='ltr'><strong>arceretur</strong></span> 
     </span>
     <span class='ocr_line' id='line_1_37' title="bbox 59 4437 1436 4524; baseline 0.001 -29"><span class='ocrx_word' id='word_1_365' title='bbox 59 4441 209 4505; x_wconf 71' lang='lat' dir='ltr'><strong>foribusve</strong></span> <span class='ocrx_word' id='word_1_366' title='bbox 231 4463 314 4497; x_wconf 86' lang='lat' dir='ltr'><strong>eorum</strong></span> <span class='ocrx_word' id='word_1_367' title='bbox 338 4447 480 4500; x_wconf 79' lang='lat' dir='ltr'><strong>adsisteret.</strong></span> <span class='ocrx_word' id='word_1_368' title='bbox 521 4452 584 4500; x_wconf 90' lang='lat' dir='ltr'><strong>Vita</strong></span> <span class='ocrx_word' id='word_1_369' title='bbox 603 4450 690 4502; x_wconf 84' lang='lat' dir='ltr'><strong>Severi</strong></span> <span class='ocrx_word' id='word_1_370' title='bbox 711 4467 731 4500; x_wconf 91' lang='lat' dir='ltr'><strong>c.</strong></span> <span class='ocrx_word' id='word_1_371' title='bbox 747 4451 777 4500; x_wconf 77' lang='lat'><strong>2:</strong></span> <span class='ocrx_word' id='word_1_372' title='bbox 802 4451 829 4499; x_wconf 85' lang='lat' dir='ltr'><strong>in</strong></span> <span class='ocrx_word' id='word_1_373' title='bbox 853 4449 976 4516; x_wconf 71' lang='lat' dir='ltr'><strong>leporiana</strong></span> <span class='ocrx_word' id='word_1_374' title='bbox 998 4437 1080 4514; x_wconf 79' lang='lat' dir='ltr'><strong>¹(apud</strong></span> <span class='ocrx_word' id='word_1_375' title='bbox 1104 4447 1283 4514; x_wconf 86' lang='lat' dir='ltr'><strong>proconsulem</strong></span> <span class='ocrx_word' id='word_1_376' title='bbox 1302 4447 1436 4524; x_wconf 60' lang='lat' dir='ltr'><strong>Africae)</strong></span> 
     </span>
    </p>
   </div>
   <div class='ocr_carea' id='block_1_4' title="bbox 59 4539 1422 5342">
    <p class='ocr_par' dir='ltr' id='par_1_5' title="bbox 59 4539 1418 4794">
     <span class='ocr_line' id='line_1_38' title="bbox 72 4539 1418 4610; baseline 0 -21"><span class='ocrx_word' id='word_1_377' title='bbox 72 4547 136 4582; x_wconf 64' lang='lat' dir='ltr'><strong>Cum</strong></span> <span class='ocrx_word' id='word_1_378' title='bbox 155 4555 207 4590; x_wconf 88' lang='lat' dir='ltr'><strong>eum</strong></span> <span class='ocrx_word' id='word_1_379' title='bbox 226 4539 328 4606; x_wconf 84' lang='lat' dir='ltr'><strong>quidam</strong></span> <span class='ocrx_word' id='word_1_380' title='bbox 346 4543 494 4610; x_wconf 78' lang='lat' dir='ltr'><strong>municipum</strong></span> <span class='ocrx_word' id='word_1_381' title='bbox 511 4559 610 4593; x_wconf 84' lang='lat' dir='ltr'><strong>suorum</strong></span> <span class='ocrx_word' id='word_1_382' title='bbox 628 4539 780 4609; x_wconf 78' lang='lat' dir='ltr'><strong>Leptitanus</strong></span> <span class='ocrx_word' id='word_1_383' title='bbox 793 4540 1003 4608; x_wconf 81' lang='lat' dir='ltr'><strong>praecedentibus</strong></span> <span class='ocrx_word' id='word_1_384' title='bbox 1019 4539 1138 4606; x_wconf 78' lang='lat' dir='ltr'><strong>fascibus</strong></span> <span class='ocrx_word' id='word_1_385' title='bbox 1162 4547 1189 4590; x_wconf 88' lang='lat' dir='ltr'><strong>ut</strong></span> <span class='ocrx_word' id='word_1_386' title='bbox 1208 4541 1335 4606; x_wconf 83' lang='lat' dir='ltr'><strong>antiquam</strong></span> <span class='ocrx_word' id='word_1_387' title='bbox 1360 4557 1418 4590; x_wconf 85' lang='lat' dir='ltr'><strong>con·</strong></span> 
     </span>
     <span class='ocr_line' id='line_1_39' title="bbox 70 4619 1417 4702; baseline -0.001 -21"><span class='ocrx_word' id='word_1_388' title='bbox 70 4619 234 4682; x_wconf 63' lang='lat' dir='ltr'><strong>wicrammi</strong></span> <span class='ocrx_word' id='word_1_389' title='bbox 253 4635 306 4700; x_wconf 84' lang='lat' dir='ltr'><strong>ipse</strong></span> <span class='ocrx_word' id='word_1_390' title='bbox 322 4632 436 4700; x_wconf 86' lang='lat' dir='ltr'><strong>plebeius</strong></span> <span class='ocrx_word' id='word_1_391' title='bbox 455 4635 583 4702; x_wconf 78' lang='lat' dir='ltr'><strong>amplexas</strong></span> <span class='ocrx_word' id='word_1_392' title='bbox 602 4641 672 4696; x_wconf 86' lang='lat' dir='ltr'><strong>esset,</strong></span> <span class='ocrx_word' id='word_1_393' title='bbox 685 4633 800 4699; x_wconf 86' lang='lat' dir='ltr'><strong>fastibus</strong></span> <span class='ocrx_word' id='word_1_394' title='bbox 816 4650 868 4684; x_wconf 87' lang='lat' dir='ltr'><strong>eum</strong></span> <span class='ocrx_word' id='word_1_395' title='bbox 881 4632 926 4684; x_wconf 86' lang='lat' dir='ltr'><strong>aab</strong></span> <span class='ocrx_word' id='word_1_396' title='bbox 938 4635 1020 4701; x_wconf 78' lang='lat' dir='ltr'><strong>alapia</strong></span> <span class='ocrx_word' id='word_1_397' title='bbox 1032 4672 1038 4685; x_wconf 95' lang='lat'><strong>.</strong></span> <span class='ocrx_word' id='word_1_398' title='bbox 1051 4670 1075 4683; x_wconf 93' lang='lat'><strong>..</strong></span> <span class='ocrx_word' id='word_1_399' title='bbox 1095 4633 1201 4684; x_wconf 85' lang='lat' dir='ltr'><strong>eiusdem</strong></span> <span class='ocrx_word' id='word_1_400' title='bbox 1215 4633 1272 4696; x_wconf 91' lang='lat' dir='ltr'><strong>(scr.</strong></span> <span class='ocrx_word' id='word_1_401' title='bbox 1286 4631 1417 4696; x_wconf 84' lang='lat' dir='ltr'><strong>eiusmodi)</strong></span> 
     </span>
     <span class='ocr_line' id='line_1_40' title="bbox 59 4717 1264 4794; baseline 0.003 -23"><span class='ocrx_word' id='word_1_402' title='bbox 59 4723 216 4774; x_wconf 69' lang='lat' dir='ltr'><strong>praecona</strong></span> <span class='ocrx_word' id='word_1_403' title='bbox 235 4724 339 4776; x_wconf 85' lang='lat' dir='ltr'><strong>cecidit:</strong></span> <span class='ocrx_word' id='word_1_404' title='bbox 357 4720 478 4794; x_wconf 65' lang='lat' dir='ltr'><strong>‘legatam</strong></span> <span class='ocrx_word' id='word_1_405' title='bbox 495 4727 586 4794; x_wconf 87' lang='lat' dir='ltr'><strong>populi</strong></span> <span class='ocrx_word' id='word_1_406' title='bbox 603 4726 712 4777; x_wconf 79' lang='lat' dir='ltr'><strong>Romani</strong></span> <span class='ocrx_word' id='word_1_407' title='bbox 729 4725 799 4778; x_wconf 85' lang='lat' dir='ltr'><strong>bama</strong></span> <span class='ocrx_word' id='word_1_408' title='bbox 814 4725 930 4794; x_wconf 87' lang='lat' dir='ltr'><strong>plebeius</strong></span> <span class='ocrx_word' id='word_1_409' title='bbox 949 4734 1036 4778; x_wconf 88' lang='lat' dir='ltr'><strong>temere</strong></span> <span class='ocrx_word' id='word_1_410' title='bbox 1055 4726 1173 4794; x_wconf 81' lang='lat' dir='ltr'><strong>amplecti</strong></span> <span class='ocrx_word' id='word_1_411' title='bbox 1191 4717 1264 4776; x_wconf 85' lang='lat' dir='ltr'><strong>aali’.</strong></span> 
     </span>
    </p>

    <p class='ocr_par' dir='ltr' id='par_1_6' title="bbox 138 4813 1009 4883">
     <span class='ocr_line' id='line_1_41' title="bbox 138 4813 1009 4883; baseline 0.002 -15"><span class='ocrx_word' id='word_1_412' title='bbox 138 4813 167 4877; x_wconf 75' lang='lat'><strong>¹)</strong></span> <span class='ocrx_word' id='word_1_413' title='bbox 192 4818 327 4883; x_wconf 80' lang='lat' dir='ltr'><strong>Significat</strong></span> <span class='ocrx_word' id='word_1_414' title='bbox 345 4821 372 4868; x_wconf 89' lang='lat' dir='ltr'><strong>id</strong></span> <span class='ocrx_word' id='word_1_415' title='bbox 391 4821 504 4883; x_wconf 83' lang='lat' dir='ltr'><strong>Tacitus,</strong></span> <span class='ocrx_word' id='word_1_416' title='bbox 524 4821 658 4870; x_wconf 86' lang='lat' dir='ltr'><strong>enuntiant</strong></span> <span class='ocrx_word' id='word_1_417' title='bbox 677 4821 872 4870; x_wconf 86' lang='lat' dir='ltr'><strong>constitutiones</strong></span> <span class='ocrx_word' id='word_1_418' title='bbox 891 4819 962 4882; x_wconf 85' lang='lat' dir='ltr'><strong>(adn.</strong></span> <span class='ocrx_word' id='word_1_419' title='bbox 974 4820 1009 4881; x_wconf 83' lang='lat'><strong>5).</strong></span> 
     </span>
    </p>

    <p class='ocr_par' dir='ltr' id='par_1_7' title="bbox 60 4901 1422 5342">
     <span class='ocr_line' id='line_1_42' title="bbox 138 4901 1421 4974; baseline -0.002 -14"><span class='ocrx_word' id='word_1_420' title='bbox 138 4901 167 4969; x_wconf 79' lang='lat'><strong>⁵)</strong></span> <span class='ocrx_word' id='word_1_421' title='bbox 188 4909 216 4960; x_wconf 85' lang='lat' dir='ltr'><strong>C.</strong></span> <span class='ocrx_word' id='word_1_422' title='bbox 230 4911 280 4960; x_wconf 88' lang='lat' dir='ltr'><strong>Th.</strong></span> <span class='ocrx_word' id='word_1_423' title='bbox 301 4909 326 4972; x_wconf 87' lang='grc'><strong>6,</strong></span> <span class='ocrx_word' id='word_1_424' title='bbox 348 4912 390 4973; x_wconf 88' lang='grc'><strong>23,</strong></span> <span class='ocrx_word' id='word_1_425' title='bbox 414 4916 441 4962; x_wconf 82' lang='lat'><strong>1:</strong></span> <span class='ocrx_word' id='word_1_426' title='bbox 471 4913 498 4961; x_wconf 86' lang='lat' dir='ltr'><strong>in</strong></span> <span class='ocrx_word' id='word_1_427' title='bbox 520 4910 664 4962; x_wconf 86' lang='lat' dir='ltr'><strong>salutandis</strong></span> <span class='ocrx_word' id='word_1_428' title='bbox 687 4909 942 4962; x_wconf 78' lang='lat' dir='ltr'><strong>administratoribus.</strong></span> <span class='ocrx_word' id='word_1_429' title='bbox 991 4910 1015 4973; x_wconf 89' lang='grc'><strong>6,</strong></span> <span class='ocrx_word' id='word_1_430' title='bbox 1038 4913 1080 4974; x_wconf 89' lang='grc'><strong>26,</strong></span> <span class='ocrx_word' id='word_1_431' title='bbox 1102 4913 1130 4961; x_wconf 82' lang='lat'><strong>5:</strong></span> <span class='ocrx_word' id='word_1_432' title='bbox 1160 4911 1187 4960; x_wconf 83' lang='lat' dir='ltr'><strong>iu</strong></span> <span class='ocrx_word' id='word_1_433' title='bbox 1210 4911 1293 4961; x_wconf 87' lang='lat' dir='ltr'><strong>sacris</strong></span> <span class='ocrx_word' id='word_1_434' title='bbox 1317 4911 1421 4960; x_wconf 82' lang='lat' dir='ltr'><strong>scriniis</strong></span> 
     </span>
     <span class='ocr_line' id='line_1_43' title="bbox 60 4991 1422 5074; baseline 0.002 -25"><span class='ocrx_word' id='word_1_435' title='bbox 60 4991 178 5074; x_wconf 37' lang='lat' dir='ltr'><strong>&#39;&#39;²⁰⁸1ris</strong></span> <span class='ocrx_word' id='word_1_436' title='bbox 195 5002 330 5052; x_wconf 83' lang='lat' dir='ltr'><strong>militantes</strong></span> <span class='ocrx_word' id='word_1_437' title='bbox 348 5003 476 5054; x_wconf 87' lang='lat' dir='ltr'><strong>ordinarii</strong></span> <span class='ocrx_word' id='word_1_438' title='bbox 493 5003 590 5054; x_wconf 80' lang='lat' dir='ltr'><strong>iudices</strong></span> <span class='ocrx_word' id='word_1_439' title='bbox 609 5022 625 5053; x_wconf 90' lang='lat' dir='ltr'><strong>a</strong></span> <span class='ocrx_word' id='word_1_440' title='bbox 643 5004 796 5054; x_wconf 85' lang='lat' dir='ltr'><strong>salutatione</strong></span> <span class='ocrx_word' id='word_1_441' title='bbox 815 5021 864 5054; x_wconf 89' lang='lat' dir='ltr'><strong>nan</strong></span> <span class='ocrx_word' id='word_1_442' title='bbox 884 5010 995 5054; x_wconf 86' lang='lat' dir='ltr'><strong>arceant.</strong></span> <span class='ocrx_word' id='word_1_443' title='bbox 1034 5004 1059 5064; x_wconf 88' lang='grc'><strong>6,</strong></span> <span class='ocrx_word' id='word_1_444' title='bbox 1074 5005 1118 5065; x_wconf 85' lang='grc'><strong>28,</strong></span> <span class='ocrx_word' id='word_1_445' title='bbox 1134 5005 1162 5053; x_wconf 85' lang='lat'><strong>8:</strong></span> <span class='ocrx_word' id='word_1_446' title='bbox 1182 5004 1208 5052; x_wconf 88' lang='lat' dir='ltr'><strong>in</strong></span> <span class='ocrx_word' id='word_1_447' title='bbox 1226 5001 1422 5052; x_wconf 82' lang='lat' dir='ltr'><strong>salutationibus</strong></span> 
     </span>
     <span class='ocr_line' id='line_1_44' title="bbox 63 5075 1421 5166; baseline 0.025 -56"><span class='ocrx_word' id='word_1_448' title='bbox 63 5075 193 5166; x_wconf 27' lang='lat' dir='ltr'><strong>annelinum</strong></span> <span class='ocrx_word' id='word_1_449' title='bbox 211 5093 413 5162; x_wconf 84' lang='lat' dir='ltr'><strong>consessibuaque</strong></span> <span class='ocrx_word' id='word_1_450' title='bbox 430 5097 531 5163; x_wconf 84' lang='lat' dir='ltr'><strong>priores</strong></span> <span class='ocrx_word' id='word_1_451' title='bbox 550 5113 592 5147; x_wconf 88' lang='lat' dir='ltr'><strong>eoa</strong></span> <span class='ocrx_word' id='word_1_452' title='bbox 676 5111 728 5146; x_wconf 84' lang='lat' dir='ltr'><strong>esse</strong></span> <span class='ocrx_word' id='word_1_453' title='bbox 742 5097 923 5163; x_wconf 75' lang='lat' dir='ltr'><strong>praecipimus.</strong></span> <span class='ocrx_word' id='word_1_454' title='bbox 959 5096 1040 5157; x_wconf 84' lang='lat'><strong>12,1,</strong></span> <span class='ocrx_word' id='word_1_455' title='bbox 1064 5095 1129 5144; x_wconf 84' lang='lat'>109:</span> <span class='ocrx_word' id='word_1_456' title='bbox 1150 5095 1259 5145; x_wconf 85' lang='lat' dir='ltr'><strong>asculum</strong></span> <span class='ocrx_word' id='word_1_457' title='bbox 1273 5093 1421 5160; x_wconf 76' lang='lat' dir='ltr'><strong>quaquella</strong></span> 
     </span>
     <span class='ocr_line' id='line_1_45' title="bbox 65 5171 1420 5306; baseline -0.003 -66"><span class='ocrx_word' id='word_1_458' title='bbox 65 5171 110 5306; x_wconf 60' lang='lat' dir='ltr'><strong>md</strong></span> <span class='ocrx_word' id='word_1_459' title='bbox 120 5189 265 5240; x_wconf 65' lang='lat' dir='ltr'><strong>proviniso</strong></span> <span class='ocrx_word' id='word_1_460' title='bbox 283 5185 447 5239; x_wconf 85' lang='lat' dir='ltr'><strong>iudicantium</strong></span> <span class='ocrx_word' id='word_1_461' title='bbox 466 5197 490 5239; x_wconf 89' lang='lat' dir='ltr'><strong>et</strong></span> <span class='ocrx_word' id='word_1_462' title='bbox 509 5203 638 5240; x_wconf 83' lang='lat' dir='ltr'><strong>consessus</strong></span> <span class='ocrx_word' id='word_1_463' title='bbox 657 5187 771 5239; x_wconf 84' lang='lat' dir='ltr'><strong>indultus</strong></span> <span class='ocrx_word' id='word_1_464' title='bbox 789 5190 829 5238; x_wconf 85' lang='lat' dir='ltr'><strong>sit.</strong></span> <span class='ocrx_word' id='word_1_465' title='bbox 869 5186 934 5238; x_wconf 83' lang='lat' dir='ltr'><strong>Cod.</strong></span> <span class='ocrx_word' id='word_1_466' title='bbox 948 5185 1011 5236; x_wconf 89' lang='lat' dir='ltr'><strong>lust.</strong></span> <span class='ocrx_word' id='word_1_467' title='bbox 1029 5187 1109 5248; x_wconf 81' lang='grc'><strong>1,48,</strong></span> <span class='ocrx_word' id='word_1_468' title='bbox 1125 5187 1149 5236; x_wconf 92' lang='grc'><strong>3.</strong></span> <span class='ocrx_word' id='word_1_469' title='bbox 1189 5187 1229 5238; x_wconf 83' lang='lat' dir='ltr'><strong>Of.</strong></span> <span class='ocrx_word' id='word_1_470' title='bbox 1245 5187 1420 5238; x_wconf 84' lang='lat' dir='ltr'><strong>Gotholredus</strong></span> 
     </span>
     <span class='ocr_line' id='line_1_46' title="bbox 70 5261 354 5342; baseline 0.018 -17"><span class='ocrx_word' id='word_1_471' title='bbox 70 5261 354 5342; x_wconf 60' lang='lat' dir='ltr'><strong>“emam.</strong></span> 
     </span>
    </p>
   </div>
   <div class='ocr_carea' id='block_1_5' title="bbox 0 0 1718 5834">
    <p class='ocr_par' dir='ltr' id='par_1_8' title="bbox 0 0 1718 5834">
     <span class='ocr_line' id='line_1_47' title="bbox 0 0 1718 5834; baseline 0 2"><span class='ocrx_word' id='word_1_472' title='bbox 0 0 1718 5834; x_wconf 95' lang='lat' dir='ltr'><strong> </strong></span> 
     </span>
    </p>
   </div>
  </div>
 </body>
</html>
