3428 5834
436 551 743 604 aesnavn'nouus
769 553 1053 604 amennrurcnu.
1337 531 1408 602 637

1203 651 1412 664 .-.....--.

71 725 211 802 praeside
233 742 322 802 agere
344 726 487 800 potuisse.
537 727 579 783 At
601 727 721 802 quinam
745 728 793 785 hic
815 727 1025 804 intellegantur
1051 727 1201 798 coronati,
1231 745 1289 786 non
1314 726 1409 803 magis

72 828 263 906 exploratum
287 827 381 902 est1).
435 825 607 906 Cogitaram
631 830 667 887 de
694 829 900 887 sacerdotibus
927 829 1146 906 provinciarum
1174 829 1261 886 tertio
1288 837 1409 904 quarto-

74 949 133 1006 que
156 930 278 988 saeculo
301 937 510 988 coronatorum
535 929 679 988 vocabulo
703 929 823 1007 usis²);
847 931 899 990 sed
923 931 1111 988 deterrebant
1126 931 1279 988 obstaculo
1295 931 1406 1005 gravia.

69 1031 205 1090 Primum
228 1051 296 1089 cum
318 1033 349 1089 iu
372 1031 477 1090 Africa
498 1041 558 1090 tarn
581 1032 809 1090 constitutiones
830 1042 954 1108 actaque
971 1033 1171 1092 ecclesiastica
1186 1051 1274 1108 quam
1290 1033 1406 1108 lapides

70 1133 250 1211 saepissime
272 1133 491 1210 provinciarum
515 1135 686 1192 sacerdotes
709 1135 868 1204 nominent,
892 1155 928 1192 ex
951 1156 986 1193 ea
1001 1143 1174 1194 coronatum
1190 1143 1329 1193 testatum
1345 1153 1404 1192 non

68 1235 226 1294 habemus.
263 1234 379 1293 Deinde
401 1253 507 1312 preces
530 1244 558 1294 et
581 1236 754 1294 corretitutio
777 1254 868 1312 supra
883 1237 1017 1312 prolatae
1033 1239 1193 1295 advocatos
1210 1237 1404 1294 ecclesiarum

69 1336 312 1396 Christianorum
334 1348 366 1395 ut
388 1347 558 1414 exaequant
580 1338 785 1396 sacerdotibus
808 1339 1029 1412 provinciarum
1056 1339 1197 1415 paganis,
1224 1339 1267 1395 ita
1293 1357 1403 1414 nequa-

69 1459 162 1516 qnam
185 1440 313 1497 innuunt
337 1449 406 1497 ante
434 1459 498 1498 eam
526 1441 619 1516 legem
647 1440 738 1497 latam
761 1439 1002 1500 Christianorum
1029 1440 1180 1500 desideria
1207 1461 1225 1498 a
1251 1440 1405 1498 sacerdote

68 1542 243 1618 provinciae
266 1541 303 1598 ad
326 1542 492 1616 praesidem
516 1542 616 1600 delata
637 1559 716 1613 esse3
744 1542 834 1600 immo
856 1544 899 1600 ita
922 1543 1113 1601 nominantur
1135 1543 1165 1600 in
1188 1543 1253 1619 lege
1276 1543 1403 1618 primum

69 1641 216 1712 coronati,
240 1643 346 1701 deinde
366 1645 535 1702 sacerdotes
551 1645 781 1719 provinciarum,
805 1652 836 1702 ut
850 1645 902 1702 vix
918 1645 1021 1704 credas
1038 1652 1162 1721 utroque
1177 1645 1321 1704 vocabulo
1338 1663 1404 1702 eos-

68 1748 137 1804 dem
156 1746 325 1823 significari.
364 1743 424 1806 Sed
447 1746 535 1804 aliter
557 1759 659 1805 censet
681 1764 768 1820 quem
791 1747 827 1804 de
850 1765 886 1804 ea
907 1765 940 1804 re
960 1748 1097 1805 consului
1114 1747 1257 1805 Roseios:
1280 1750 1319 1804 nri
1333 1766 1402 1804 sem-

66 1851 132 1918 bra,
155 1848 250 1924 inquit
264 1847 325 1917 ille,
349 1849 397 1906 ode
415 1851 513 1924 primo
535 1849 581 1906 del
599 1852 731 1906 rescritta
748 1849 795 1906 del
809 1849 870 1906 407
883 1849 926 1924 912·
941 1853 1071 1907 interemi
1086 1850 1162 1906 della
1178 1851 1272 1907 odiosa
1288 1851 1403 1906 dinanzi

67 1954 100 2008 di
122 1951 231 2024 piadiai
252 1952 395 2008 doaevnno
419 1969 511 2009 essere
533 1970 548 2007 0
564 1955 674 2009 trattati
689 1971 704 2008 ο
720 1952 829 2008 aimone
844 1953 992 2008 introdotti
1007 1955 1037 2007 in
1050 1952 1176 2027 pindizio
1192 1953 1244 2008 dai
1257 1951 1401 2021 coronati,

64 2072 142 2111 corne
163 2056 314 2110 incoricntr'
336 2055 367 2110 di
389 2063 454 2110 rorte
477 2055 502 2111 Ie
524 2061 648 2110 verterer
670 2055 701 2110 di
722 2073 784 2111 cose
804 2057 937 2128 apettonti
956 2053 1018 2110 alla
1038 2073 1110 2112 cura
1125 2072 1222 2110 rerum
1238 2071 1400 2110 sacrarum.

65 2155 128 2214 Per
149 2165 255 2230 quanto
278 2158 322 2213 aid
343 2156 418 2230 pajo
440 2165 537 2213 strena
558 2158 676 2230 rispetto
699 2156 762 2214 alla
784 2156 893 2225 chiesa,
916 2159 954 2212 rui
976 2155 1084 2213 sembra
1107 2157 1243 2213 riaaltare
1265 2155 1315 2212 dal
1337 2173 1400 2212 oon-

57 2261 159 2333 srorrto
178 2259 307 2332 predatio
312 2279 325 2326 ,·
347 2277 361 2314 e
379 2261 431 2332 poi
451 2277 507 2315 non
530 2261 555 2315 si
577 2258 746 2330 diruendam,
770 2259 818 2315 alre
837 2257 1030 2316 isaoerdotes
1046 2257 1093 2314 oei
1107 2267 1195 2333 tempo
1212 2256 1258 2314 del
1272 2260 1400 2314 rescritto

65 2359 215 2435 imperiale
237 2363 320 2418 citato
343 2378 451 2417 avenae
473 2363 502 2416 in
523 2378 598 2436 pron
616 2369 701 2435 parte
714 2361 837 2435 perduto
851 2361 874 2418 il
889 2369 1027 2418 carattere
1042 2359 1187 2434 reiipr'om,
1210 2359 1401 2416 consere-ando

65 2462 128 2519 solo
151 2461 245 2536 quello
267 2461 342 2537 depli
363 2465 493 2520 interemi
514 2481 528 2518 e
549 2463 580 2518 di
597 2461 731 2536 pubblico
753 2463 867 2536 officim
894 2463 942 2519 cite
961 2465 972 2517 i
990 2459 1129 2518 Criationi
1146 2479 1201 2518 non
1220 2463 1400 2534 risuppirono

65 2563 142 2621 dalt’
176 2566 309 2622 orrorarai
339 2564 386 2621 del
416 2565 494 2621 titolo
522 2563 737 2633 sacerdotales,
771 2581 822 2622 aon
851 2571 919 2621 tutto
946 2562 1038 2637 quello
1066 2563 1114 2620 cte
1140 2563 1175 2619 to
1203 2565 1328 2637 spiepato
1354 2561 1402 2618 nel

63 2665 224 2724 Baliettr'na
247 2669 324 2723 crist.
341 2667 420 2722 1878
442 2685 461 2723 a
479 2671 628 2740 proposito
650 2665 696 2722 del
710 2664 845 2740 fl(amen)
865 2664 1083 2740 p(er)p(etuus)
1101 2663 1268 2723 Cristianus
1286 2665 1316 2719 di
1330 2663 1400 2720 Aor-

63 2769 203 2826 rnacdara
224 2765 273 2840 (C.
288 2767 375 2838 VIII,
401 2767 526 2841 10516).
569 2767 616 2824 Mi
637 2769 778 2841 conferma
800 2767 870 2825 nell'
894 2769 1125 2843 interpretaione
1152 2767 1183 2824 ln
1205 2768 1400 2836 convertimiu,

65 2871 115 2930 che
137 2874 149 2926 i
170 2869 370 2928 sacerdotales
392 2889 448 2926 nora
470 2873 547 2926 siena
569 2870 740 2927 demeruerat
760 2869 828 2926 nell'
852 2869 925 2926 ardo
949 2868 1138 2926 salutationis
1161 2871 1309 2944 african05
1335 2887 1349 2924 e
1370 2886 1400 2924 se

63 2993 120 3032 aon
142 2982 244 3030 stanno
265 2971 335 3029 neii'
359 2971 479 3030 artioolo
504 2981 590 3042 terra,
618 2990 687 3029 aona
701 2973 786 3045 suari
807 2973 838 3028 di
860 2990 930 3030 eaeo.
973 2971 1057 3029 Haeo
1080 2988 1155 3044 quae
1178 2970 1214 3026 ad
1239 2989 1285 3027 me
1307 2971 1399 3044 scrip-

63 3077 104 3135 sit
126 3075 239 3132 amicus
266 3091 448 3150 quamquam
473 3073 627 3148 scrupulos
656 3091 747 3150 supra
773 3074 944 3149 propositos
970 3091 1030 3130 non
1057 3071 1178 3128 omuino
1205 3071 1399 3142 sustulerunt,

62 3187 166 3237 tamen
189 3175 315 3235 meli0ra
336 3194 413 3251 quae
434 3193 601 3252 proponam
623 3193 682 3234 non
704 3176 801 3234 habeo
824 3185 852 3232 et
874 3177 904 3232 in
920 3175 976 3232 hae
991 3173 1190 3248 explicatione
1206 3173 1398 3248 adquiescen-

61 3283 134 3340 dum
158 3297 224 3338 esse
245 3277 396 3337 existima.
433 3276 579 3336 Admissa
601 3297 637 3336 ea
658 3287 791 3336 extremo
815 3277 911 3352 capite
935 3276 1008 3353 legis
1025 3275 1218 3350 imperatores
1236 3275 1292 3333 hoc
1307 3275 1398 3352 signi-

57 3386 156 3443 ficant
178 3379 358 3440 Christianis
380 3381 409 3438 in
432 3389 582 3457 posterum
605 3398 724 3456 quoque
746 3380 835 3437 licere
857 3399 910 3456 per
932 3378 1116 3437 sacerdotem
1139 3377 1309 3454 provinciae
1333 3398 1399 3436 cum

56 3484 202 3563 praeside
225 3501 313 3560 agere
336 3500 431 3558 neque
453 3491 621 3560 propterea,
644 3482 800 3558 quodiam
822 3501 875 3557 per
890 3483 1067 3540 advocatum
1083 3500 1148 3538 eum
1165 3480 1247 3538 adire
1262 3489 1398 3557 possunt,

56 3585 249 3648 sacerdotem
272 3585 443 3662 provinciae
466 3585 611 3642 auxilium
634 3603 718 3642 suum
741 3585 779 3642 iis
801 3593 881 3642 reete
904 3602 1022 3660 negare.

101 3689 152 3746 Ea
175 3706 294 3764 quoque
317 3706 393 3764 quae
416 3695 581 3761 sequuntur
611 3687 653 3744 sio
681 3693 712 3743 ut
737 3686 835 3743 lacera
861 3687 958 3744 iacent
984 3694 1094 3744 certam
1122 3685 1397 3761 interpretationem

50 3810 121 3852 non
144 3789 300 3864 recipiunt.
351 3787 480 3846 Promoti
500 3789 651 3864 officiales,
682 3789 708 3844 si
732 3787 849 3862 quidem
877 3797 955 3845 recte
977 3787 1051 3844 haec
1073 3788 1130 3843 duo
1153 3786 1299 3843 vocabula
1327 3805 1398 3844 con·

47 3899 238 3969 iunguntur,
273 3898 323 3948 aut
351 3891 564 3966 intelleguntur
593 3891 642 3964 qni
672 3890 799 3964 primum
831 3889 962 3946 salutant
987 3888 1173 3963 promotione
1200 3895 1322 3960 accepta
1348 3899 1399 3945 aut

47 4003 174 4057 certum
197 3993 346 4068 quoddam
368 4009 462 4068 genus
485 3992 658 4049 officialium
682 3992 737 4048 huc
760 3991 906 4048 vocabulo
930 3989 1122 4065 significatur.
1164 3987 1243 4044 Huic
1265 3987 1398 4062 opinioni

44 4095 285 4179 patrocInantur
308 4112 382 4171 quas
405 4094 525 4152 Alfenio
546 4093 670 4152 Ceionio
691 4093 805 4152 Iuliano
826 4091 969 4151 Camenio
991 4090 1141 4148 consulari
1165 4088 1324 4146 Numidiae
1347 4089 1395 4148 de·

42 4205 164 4263 functo
187 4217 215 4254 a.
231 4197 337 4256 aetatis
353 4195 444 4254 XLII
460 4217 486 4254 a.
501 4195 560 4255 385
578 4195 660 4269 (vide
680 4213 771 4272 supra
787 4215 816 4270 p.
826 4193 884 4254 542
909 4213 936 4250 n.
953 4193 1046 4268 1238)
1063 4191 1208 4250 officiales
1223 4191 1319 4265 ipsius
1334 4190 1395 4248 Ro-

42 4321 125 4366 mae
141 4299 355 4358 dedicaverunt
370 4298 446 4356 duae
461 4299 550 4356 bases
562 4297 714 4374 gemellae.
742 4298 852 4355 Earum
867 4297 990 4354 alteram
1004 4293 1109 4370 (QVI,
1125 4293 1217 4367 1675)
1231 4304 1397 4369 posuerunt

42 4451 79 4467 ..
101 4402 229 4462 Gentiles
247 4399 422 4477 p(riaeeps)‚
447 4399 627 4475 M(aroiaa?)
650 4400 783 4458 Restutas
807 4400 1013 4458 cornicularius
1037 4416 1098 4456 carn
1120 4395 1275 4454 cartularia
1298 4396 1396 4471 officii,

41 4510 188 4569 alteram
211 4504 380 4579 nuperrime
401 4513 548 4580 repertam
572 4521 666 4576 neque
692 4503 817 4574 editam,
846 4501 917 4558 mihi
948 4509 1044 4558 autem
1073 4499 1195 4557 missam
1224 4518 1242 4555 a
1264 4496 1395 4556 Rudolfa

38 4660 266 4676 -..----—·--

118 4772 144 4840 ¹)
168 4771 282 4821 Clericus
300 4777 437 4822 coronatus
457 4772 531 4822 huius
551 4771 739 4820 constitutionis
759 4785 813 4820 esse
833 4785 885 4819 non
905 4776 997 4834 potest,
1018 4782 1064 4817 nee
1081 4783 1169 4816 rerum
1188 4773 1227 4816 est
1246 4767 1292 4815 lrae
1313 4771 1395 4815 aetate

34 4867 167 4922 ciericos
188 4877 219 4912 eo
238 4864 362 4914 vocabula
382 4866 417 4913 sie
438 4863 579 4927 appellatos
598 4878 660 4912 esse.

115 4956 142 5018 ²)
165 4952 292 5005 Sacerdos
312 4971 373 5006 orae
392 4955 523 5022 Ao9(ustr)
542 4953 644 5015 n(oa·trt)
663 4959 797 5005 coronatus
810 4951 970 5013 Dac(r-'arnm)
984 4951 1032 5000 III
1050 4953 1174 5015 reperitur
1193 4951 1219 4999 in
1240 4949 1314 4998 titulo
1335 4950 1395 5000 Sar·

35 5049 256 5113 mizegetuseusi
276 5049 305 5098 C.
319 5049 368 5108 III,
392 5048 462 5098 1433
482 5048 571 5096 aetatis
592 5047 754 5106 Gordianae,
780 5051 914 5094 coronatus
937 5041 1064 5104 Insopor)
1084 5051 1108 5092 et
1130 5040 1269 5103 Umbirr'oe)
1289 5042 1316 5089 in
1336 5042 1396 5090 His·

33 5146 152 5214 pellata
167 5139 246 5189 Orell.
262 5141 332 5191 3866
353 5141 444 5190 aetatis
458 5140 696 5190 ConstantinIanae.
730 5138 840 5188 Causam
860 5136 1006 5201 appellandi
1025 5135 1106 5200 aperit
1126 5135 1255 5184 decretum
1268 5133 1396 5184 Baianum

33 5241 75 5293 c.
94 5234 137 5296 X,
160 5231 243 5282 aeas.
