3518 5828
480 539 783 595 ossssvssronss
801 541 1086 594 arroasrsrcss.
1380 521 1450 593 139

120 725 151 776 et
172 717 308 792 ipsarum
332 714 501 773 scholarum
523 715 649 773 duarum
672 715 783 773 mentio
805 715 839 772 fit
859 715 990 791 equitum
1012 723 1042 773 et
1064 713 1195 790 peditum
1215 715 1395 794 stipendium
1413 733 1453 774 ex

121 818 242 896 publico
264 816 473 891 accipientium
483 815 521 891 ¹).
562 816 765 892 Appellantur
786 817 852 875 solo
875 816 1103 875 domesticorum
1121 817 1282 889 vocabulo;
1304 825 1453 893 protectos

121 919 190 978 rum
212 917 291 995 apud
315 915 433 977 Gothos
456 935 515 976 non
538 919 695 995 reperitur.

163 1021 191 1079 E
214 1020 365 1078 contrario
388 1018 468 1096 apud
483 1017 639 1078 vandalos
662 1020 816 1078 domestici
839 1021 891 1096 qui
913 1029 1025 1078 certum
1048 1020 1079 1078 in
1097 1039 1130 1078 re
1148 1019 1269 1096 publica
1288 1020 1385 1079 locum
1401 1021 1454 1078 ob-

122 1124 236 1182 tineant
256 1121 332 1179 nulli
354 1119 593 1197 reperiuntur2).
617 1154 655 1164 —
679 1121 815 1180 Francici
836 1121 919 1198 regni
935 1121 1123 1194 domesticil)
1140 1122 1165 1179 si
1181 1121 1298 1198 quidem
1315 1127 1453 1199 expressi

124 1233 192 1285 sunt
214 1225 252 1282 ad
274 1242 336 1280 rem
362 1222 512 1297 publicam
534 1221 753 1295 Romanorum,
783 1223 821 1282 ad
846 1232 1030 1300 protectores
1057 1223 1238 1283 domesticos
1264 1223 1454 1301 imperatoris

122 1327 296 1402 redigantur
317 1341 441 1382 necesse
463 1333 524 1394 est3
548 1332 743 1400 poteruntque
766 1325 867 1400 aliquo
882 1325 971 1383 modo
986 1325 1152 1401 comparari
1168 1325 1309 1384 militibus
1323 1325 1383 1383 illis
1404 1337 1454 1384 aut

122 1437 246 1507 propter
267 1425 416 1503 stipendia
438 1427 563 1484 emerita
585 1435 636 1484 aut
654 1436 775 1503 propter
794 1443 889 1502 genus
905 1427 1072 1503 insignibus
1088 1427 1207 1484 selectis
1222 1425 1260 1484 ad
1275 1427 1359 1503 regia
1373 1427 1454 1485 iussa

124 1528 309 1605 exequenda.
355 1525 415 1586 Sed
437 1527 581 1602 quidquid
603 1527 740 1586 instituto
761 1527 896 1586 Romano
919 1529 1071 1604 proprium
1093 1538 1139 1586 est
1160 1537 1190 1588 et
1210 1529 1324 1587 formae
1346 1536 1453 1600 certae,

123 1643 157 1691 nt
178 1639 249 1690 sunt
270 1629 394 1688 comites
416 1629 646 1688 domesticorum
669 1638 700 1687 et
720 1629 852 1705 equitum
874 1629 1066 1706 peditumque
1088 1631 1210 1690 scholae
1232 1631 1350 1706 aliaque
1367 1629 1455 1706 plura

124 1753 190 1793 cum
214 1732 294 1810 apud
309 1729 443 1789 Francos
466 1747 525 1788 non
547 1731 745 1804 inveniantur,
767 1751 783 1790 e
800 1731 948 1790 contrario
965 1749 1036 1790 cura
1050 1733 1189 1791 villarum
1204 1732 1455 1808 praediorumque

124 1836 273 1913 regiorum
296 1841 356 1892 tam
380 1823 535 1891 Francicis
558 1833 730 1892 domesticis
752 1834 875 1909 propria
890 1834 929 1892 sit
943 1851 1032 1921 quam
1048 1853 1066 1890 a
1081 1835 1300 1911 protectoribus
1316 1831 1455 1892 domesti-

126 1939 168 1996 cis
182 1936 329 1995 Romanis
352 1935 460 2005 aliena,
482 1935 617 2010 equidem
639 1934 815 1994 crediderim
839 1935 895 1994 hos
917 1935 1041 2012 originis
1062 1953 1129 1996 esse
1145 1935 1343 1996 Germanicae
1360 1947 1389 1994 et
1404 1955 1455 1994 vo·

126 2038 231 2098 cabulo
254 2045 368 2096 tantum
389 2035 524 2095 Latinos.

689 2216 893 2226 -—---—-

169 2427 335 2487 Domestici
356 2428 393 2486 de
415 2428 524 2503 quibus
546 2428 661 2504 egimus
683 2447 748 2486 cum
772 2435 930 2504 propterea
950 2429 992 2486 ita
1013 2429 1211 2507 appellentur,
1233 2431 1314 2505 quod
1334 2447 1454 2488 versan-

128 2531 226 2590 turin
248 2531 337 2588 domo
358 2527 547 2608 imperatoris
569 2528 618 2602 (C.
635 2530 691 2588 Th.
709 2530 737 2602 6,
753 2529 804 2600 34,
820 2530 867 2605 8),
894 2531 931 2588 de
958 2531 1130 2590 domesticis
1156 2531 1338 2607 privatorum
1366 2549 1455 2605 quae-

128 2633 196 2691 dam
218 2631 357 2689 addenda
378 2641 463 2702 suut,
492 2631 633 2707 quoniam
656 2631 678 2689 ii
700 2641 730 2689 et
751 2632 809 2708 ipsi
830 2632 907 2691 inter
928 2631 1029 2690 cilicia
1049 2641 1130 2691 certa
1151 2641 1181 2691 et
1202 2633 1321 2710 publica
1345 2633 1456 2708 recepti

128 2733 352 2810 ambiguitatem
373 2743 526 2810 generant,
549 2732 633 2792 ouius
655 2733 707 2809 qui
728 2733 858 2793 fortasse
879 2734 953 2792 haec
967 2734 1115 2794 curabunt
1129 2733 1264 2794 videntur
1278 2735 1457 2793 admonendi

129 2853 204 2896 esse.

169 2937 281 2998 Officia
302 2937 423 3014 publica
443 2937 495 3012 qui
518 2936 739 3009 administrant,
765 2939 803 2998 iis
824 2947 941 3015 praeter
963 2939 1109 2997 officiales
1137 2939 1272 2998 mercede
1293 2937 1456 2998 conductos

130 3042 239 3100 adsunt
259 3038 383 3098 comites
405 3039 518 3097 ordinis
540 3039 735 3112 honestioris,
761 3040 812 3115 qui
834 3039 902 3098 licet
924 3059 1044 3117 operam
1067 3040 1137 3099 dent
1158 3042 1189 3099 in
1211 3061 1244 3100 re
1266 3041 1386 3118 publica
1407 3041 1458 3098 ad-

131 3140 327 3202 ministranda
347 3149 378 3199 et
399 3153 558 3218 propterea
579 3141 639 3198 iam
660 3139 772 3199 liberae
793 3142 836 3199 rei
858 3142 996 3218 publicae
1018 3152 1115 3202 aetate
1130 3142 1166 3202 de
1181 3143 1300 3218 publico
1317 3143 1459 3200 salarium

130 3245 287 3321 accipiant,
308 3260 378 3300 vere
399 3261 496 3318 neque
517 3241 663 3300 officiales
686 3251 756 3300 sunt
777 3261 873 3319 neque
895 3245 1097 3321 magistratus,
1120 3245 1199 3302 unde
1213 3243 1331 3304 Notitia
1345 3244 1459 3321 Digna-

130 3347 203 3405 tium
225 3353 369 3420 utrosque
390 3359 548 3403 recensens
571 3344 627 3402 hoc
649 3361 742 3421 genus
764 3344 852 3419 plane
874 3345 985 3405 omisit.
1021 3345 1152 3422 Propius
1174 3355 1273 3405 manen
1293 3347 1331 3405 ad
1351 3347 1459 3423 magis-

130 3456 227 3506 tratus
250 3447 411 3518 accedunt3
438 3446 516 3504 unde
538 3463 666 3520 corpora
690 3445 764 3504 iuris
792 3445 875 3522 (Dig.
895 3448 921 3520 1,
938 3445 995 3518 223
1022 3445 1098 3507 (lod.
1121 3447 1237 3506 Theod.
1254 3450 1282 3517 1,
1299 3448 1355 3519 353
1384 3445 1458 3507 (tou.

130 3549 204 3608 luet
222 3551 250 3621 1,
266 3548 321 3623 51)
348 3547 386 3604 de
406 3548 445 3606 iis
468 3556 558 3624 agunt
578 3547 608 3605 in
630 3549 689 3606 fine
714 3555 859 3606 tractatus
886 3547 922 3607 de
949 3550 1173 3628 magistratibus
1200 3550 1328 3627 publicis
1355 3549 1460 3626 populi

130 3651 269 3710 Romani.
317 3649 400 3708 Inter
426 3649 576 3707 adiutores
603 3665 656 3708 eos
681 3665 747 3707 cum
775 3667 829 3726 per
853 3651 978 3708 multum
1004 3661 1122 3727 tempus
1150 3652 1250 3710 nullus
1277 3650 1406 3710 emineat
1432 3659 1461 3708 et

131 3762 242 3811 eertum
263 3751 295 3809 in
315 3770 347 3808 re
368 3751 488 3828 publica
507 3751 606 3809 locum
627 3757 728 3809 teneat
749 3759 867 3826 praeter
893 3752 1097 3824 adsessorem,
1124 3763 1229 3829 postea
1257 3753 1317 3810 duo
1345 3751 1395 3810 alii
1422 3750 1461 3809 ad

131 3854 209 3912 hunc
230 3851 376 3910 accedunt
397 3853 577 3911 domesticus
604 3861 634 3910 et
659 3853 870 3923 cancellarium
897 3872 958 3930 quo
985 3855 1133 3930 pertinent
1158 3855 1236 3914 tituli
1264 3853 1352 3912 modo
1378 3853 1460 3912 citati

132 3955 288 4032 utriusque
309 3953 422 4014 codicis
445 3956 480 4013 de
500 3954 712 4023 adsessoribus,
740 3955 898 4012 domesticis
921 3965 947 4014 et
967 3957 1157 4016 cancellariis.
1200 3956 1241 4013 Et
1262 3964 1294 4014 ut
1316 3955 1460 4014 cancella·

131 4057 207 4116 rium
229 4055 410 4129 omittamus,
432 4057 586 4116 domestici
608 4055 734 4132 huius⁴)
756 4075 794 4114 ex
809 4057 972 4117 matriculis
987 4075 1064 4134 quae
1080 4065 1241 4134 supersunt
1256 4075 1315 4116 una
1329 4057 1463 4127 meminit

131 4249 337 4260 ————

192 4379 215 4441 ¹)
236 4381 299 4430 Var.
320 4381 362 4441 10,
382 4381 415 4429 11
436 4375 480 4445 (ci.
502 4379 560 4440 12lr
587 4381 775 4447 primiceriatus
800 4383 844 4448 pai
866 4389 890 4432 et
913 4382 1089 4432 domesticatus
1110 4381 1251 4432 nominatur
1276 4377 1308 4432 ab
1326 4379 1463 4430 indictione

131 4467 176 4522 XI
180 4469 205 4520 V
220 4470 269 4521 tihi
286 4471 435 4535 conserimus
453 4469 607 4538 dipsitatem.
646 4473 714 4522 Vide
733 4489 810 4539 supra
828 4491 853 4538 p.
870 4475 930 4525 137.

189 4561 214 4625 ²)
234 4563 304 4614 Nam
324 4563 393 4628 qnod
411 4578 458 4613 rex
479 4563 625 4615 Geiserieus
645 4579 702 4614 cum
722 4566 833 4630 quodam
852 4581 884 4616 ex
904 4567 1053 4631 proceribus
1072 4567 1185 4632 loquitur
1200 4563 1375 4634 moerentibus
1396 4565 1461 4631 epis-

132 4658 203 4724 copr's
222 4662 296 4721 atque
315 4653 457 4705 domesticae
475 4656 528 4704 seis
547 4655 646 4714 (Victor
658 4657 773 4707 vitensis
789 4661 813 4719 l,
828 4657 853 4719 6,
870 4657 926 4720 19),
953 4665 1041 4723 aperte
1060 4659 1136 4709 aulici
1159 4660 1302 4709 saeculares
1326 4658 1363 4707 ita
1385 4657 1463 4721 signi·

132 4749 249 4810 deantur,
270 4747 438 4812 similiterque
458 4748 600 4811 accipiendi
619 4756 678 4798 sunt
696 4749 830 4799 domestici
849 4751 946 4800 ibidem
967 4753 991 4812 1,
1008 4753 1050 4812 11,
1065 4751 1098 4801 35
1118 4757 1144 4799 et
1165 4751 1189 4812 2,
1204 4753 1229 4813 7,
1244 4752 1287 4800 74.
1323 4749 1386 4799 Alio
1405 4748 1463 4798 loco

133 4841 158 4900 3,
173 4841 206 4889 37
229 4859 263 4881 --·
284 4841 341 4900 5,4
360 4839 428 4888 idem
449 4839 601 4890 vocabulum
621 4841 672 4890 iam
692 4841 820 4890 sublatum
841 4849 879 4892 est
897 4848 985 4908 utpote
1004 4843 1194 4908 interpolatum.

189 4929 215 4993 ⁸)
235 4931 278 4981 De
296 4931 329 4980 iis
348 4931 425 4995 plene
444 4933 565 4996 exposuit
577 4933 705 4982 waitzius
724 4930 1239 5001 deutscheVersassunpspescliclte11⁸,
1262 4935 1277 4982 7
1296 4949 1322 4998 p.
1335 4933 1370 4982 45
1391 4945 1444 4996 seq.

188 5021 214 5084 ⁴)
233 5025 296 5088 Egit
315 5023 348 5072 de
368 5023 510 5074 domestico
530 5023 580 5074 hoc
599 5024 776 5076 Gothoiredus
795 5026 828 5075 ad
848 5025 877 5076 0.
892 5027 942 5076 Th.
955 5027 977 5088 1,
1000 5029 1032 5076 12
1054 5025 1116 5088 (iam
1137 5025 1181 5088 35)
1209 5033 1233 5076 et
1252 5027 1280 5074 in
1298 5023 1420 5088 paratitlo
1439 5031 1464 5071 et

133 5115 164 5163 ad
182 5113 231 5163 13
252 5115 331 5164 solita
350 5114 477 5178 doctrina,
497 5131 551 5166 non
570 5117 646 5167 solita
664 5115 795 5167 felicitate.
828 5117 947 5168 conferri
966 5125 1086 5184 poterunt
1104 5121 1166 5168 item
1185 5120 1337 5184 interpretes
1352 5117 1386 5166 ad
1399 5117 1463 5166 Am-

133 5207 245 5258 mianum
267 5207 310 5270 15,
327 5207 352 5268 6,
369 5209 393 5256 1.
