3450 5842
321 516 393 586 644
895 505 1080 574 uounssa

329 622 1673 649 ...--—---—----——----—-——·-——-

319 728 394 768 aevo
416 706 541 784 pecunia
563 703 682 782 publica
704 721 740 760 ex
764 709 906 778 argentea
927 717 1017 756 aerea
1038 698 1119 756 lacta
1141 707 1265 755 estnec
1291 695 1456 754 denarius
1481 695 1547 754 iarn
1572 697 1675 771 quidet

319 810 392 869 adeo
415 827 453 866 an
476 807 589 864 valeret
611 806 770 882 quisquam
792 803 921 880 amplius
944 811 1041 872 norat,
1064 800 1129 858 eins
1149 800 1221 858 mali
1238 800 1302 858 duo
1319 798 1474 858 remedia
1491 799 1607 856 invenit
1620 798 1676 857 Diu·

319 912 464 970 cletianus
488 909 630 986 pecuniae
652 927 684 966 re
707 905 835 964 abolitae
858 906 1044 964 substituens
1062 904 1152 961 modo
1168 903 1291 980 pondus
1310 903 1385 959 anri
1404 903 1587 978 argentive,
1608 902 1676 958 moda

320 1013 451 1074 modium
484 1008 673 1084 trumenti1).
730 1005 852 1067 Scilicet
885 1008 922 1064 ab
957 1025 992 1062 eo
1026 1005 1096 1062 inde
1123 1015 1257 1080 tempore
1292 1006 1327 1063 in
1366 1005 1519 1080 publicis
1553 1004 1676 1063 reditibus

322 1127 351 1174 et
384 1113 593 1190 largitionibus
619 1128 742 1186 regnare
776 1110 922 1184 incipiunt
953 1108 1048 1166 librae
1080 1108 1144 1165 auri
1176 1107 1224 1165 rel
1256 1108 1407 1185 argenti,
1448 1125 1533 1182 quae
1565 1127 1597 1164 re
1625 1107 1677 1184 ipsa

320 1217 413 1276 multo
440 1215 530 1273 latius
559 1222 661 1290 patent
693 1231 782 1287 quam
818 1210 964 1269 vocabula
997 1209 1190 1286 perveniunt;
1228 1227 1300 1266 uam
1339 1209 1477 1268 solidus
1515 1227 1631 1286 quoque
1656 1225 1677 1267 et

321 1328 481 1396 argenteus
504 1333 592 1372 verus
616 1315 681 1372 eius
705 1314 816 1372 saeculi
840 1333 899 1372 non
924 1331 980 1371 sna
1005 1312 1102 1370 forma
1129 1311 1242 1382 valent,
1270 1312 1330 1370 sed
1360 1312 1405 1369 ad
1438 1312 1557 1370 libram
1585 1331 1676 1387 appar

321 1421 430 1478 dantur
452 1429 482 1476 et
504 1415 765 1492 expenduntur2).
816 1416 850 1473 ln
879 1413 1036 1492 stipendiis
1059 1421 1157 1471 autem
1183 1423 1213 1470 et
1240 1414 1451 1472 mercedibus
1483 1415 1607 1490 publice
1630 1415 1676 1472 sol·

321 1522 426 1580 vendis
450 1521 543 1577 altero
566 1529 720 1594 praeterea
742 1518 874 1576 remedio
896 1521 1091 1593 imperatores
1115 1516 1159 1573 usi
1181 1523 1263 1584 sunt,
1295 1525 1332 1572 ut
1355 1516 1458 1573 militi
1484 1517 1588 1575 omnis
1613 1517 1675 1575 ordi·

322 1625 369 1682 nis
391 1621 535 1699 quidquid
558 1620 684 1678 debebat
706 1629 765 1678 tam
789 1621 937 1677 aerarium
960 1636 1049 1692 quam
1073 1617 1189 1693 publico
1213 1617 1338 1676 nomine
1362 1619 1535 1694 privatus,
1566 1639 1622 1678 aon
1644 1619 1673 1676 ad

321 1726 478 1784 denarium
501 1724 756 1792 determinaretur,
779 1722 833 1780 sed
856 1721 894 1778 ad
916 1739 1064 1778 annonam
1087 1729 1116 1776 et
1138 1720 1278 1793 capitum,
1303 1720 1338 1776 id
1362 1731 1419 1778 est
1444 1721 1487 1778 ad
1509 1723 1671 1781 frumentun

321 1839 351 1886 et
372 1828 482 1884 fenum.
533 1826 569 1882 Id
592 1845 658 1882 cum
681 1825 778 1900 ipsum
802 1841 860 1880 non
883 1825 1022 1898 ignorent
1044 1811 1062 1878 ii
1086 1831 1163 1878 certe
1186 1823 1237 1896 qui
1264 1822 1359 1879 buius
1392 1824 1520 1881 saeculi
1552 1825 1670 1882 instituta

321 1931 436 1988 discere
460 1928 628 1986 maluerant
650 1945 739 2003 quam
762 1926 927 2001 aspernari,
951 1935 1010 1982 tam
1033 1924 1093 1981 late
1117 1942 1178 1980 rem
1202 1907 1352 1998 patuisse,
1377 1933 1415 1982 ut
1434 1945 1477 1982 ex
1495 1928 1573 2002 ipsis
1589 1929 1668 2003 prire-

321 2041 419 2090 tornm
442 2029 586 2105 sportulis
609 2029 735 2104 pecunia
752 2029 915 2098 tolleretur,
939 2045 1011 2084 sane
1027 2044 1136 2084 novum
1152 2033 1242 2084 estet
1258 2026 1337 2083 scitu
1353 2028 1493 2086 omnino
1510 2029 1666 2107 dignum³l

322 2132 472 2208 Tempore
495 2150 612 2208 quoque
634 2133 712 2190 inter
733 2131 923 2202 documenta,
950 2148 1028 2206 quae
1051 2129 1229 2186 frumentum
1252 2129 1406 2205 pecuniae
1432 2131 1507 2190 loco
1531 2133 1665 2190 subditam

321 2254 390 2294 esse
412 2233 585 2305 ostendunt,
617 2235 730 2292 nullum
758 2235 838 2309 quod
865 2233 958 2291 sciam
985 2241 1120 2308 superest
1147 2230 1226 2306 quod
1252 2231 1311 2288 boc
1339 2232 1484 2291 edictum
1512 2235 1664 2309 praecedat,

322 2339 515 2413 videmurque
538 2345 707 2394 accuratam
731 2337 891 2414 imaginem
914 2335 961 2392 hic
984 2341 1084 2392 tenere
1104 2333 1314 2391 observantiae
1329 2337 1540 2408 annonariae,
1564 2337 1663 2412 qualem

321 2440 530 2499 Diocletianus
553 2437 829 2514 Constantinusque
851 2439 1050 2496 instituerunt.
1100 2434 1220 2496 Scilicet
1247 2435 1333 2510 eligit
1360 2437 1389 2494 is
1421 2439 1474 2496 cni
1502 2439 1662 2498 solvendum

323 2553 382 2616 est,
412 2553 511 2600 atrum
534 2542 630 2618 ipsum
654 2541 833 2600 frumentum
857 2541 915 2597 sibi
937 2539 999 2597 dari
1023 2538 1096 2595 velit
1117 2557 1154 2596 an
1177 2538 1318 2595 frumenti
1346 2541 1504 2615 pretium,
1537 2542 1569 2599 id
1594 2542 1662 2598 aini-

323 2664 399 2714 rum‚
422 2663 480 2720 qno
502 2645 684 2704 frumentum
707 2653 840 2720 tempore
862 2642 1020 2700 solutionis
1036 2641 1150 2698 Romae
1166 2640 1197 2697 in
1211 2640 1278 2697 foro
1292 2659 1397 2698 rerum
1417 2644 1576 2702 renalium
1591 2645 1662 2702 aesti-

324 2745 510 2822 mabatur4).
559 2745 636 2804 Nam
660 2765 679 2802 a
699 2746 765 2804 foro
792 2763 827 2801 eo
854 2744 941 2821 pretii
968 2743 1242 2801 determinationem
1270 2743 1334 2814 vel,
1366 2753 1402 2801 ut
1433 2747 1562 2822 proprio
1589 2748 1662 2804 buius

324 2849 437 2908 saeculi
460 2847 605 2906 vocabulo
629 2857 705 2920 utar,
729 2847 949 2905 adaerationem
972 2844 1150 2923 pependisse
1165 2844 1246 2921 leges
1263 2846 1443 2920 complures
1460 2849 1661 2924 ostendunt⁵l

325 2951 554 3010 Valentinianus
578 2959 607 3009 et
622 2951 750 3020 Valens,
777 2950 851 3008 moti
873 2949 980 3023 opinor
1002 2966 1038 3007 eo
1062 2948 1140 3024 qnod
1161 2948 1204 3006 ita
1226 2948 1412 3023 stipendium
1439 2953 1574 3028 singolis
1598 2953 1662 3010 mili·

323 3054 402 3112 tibus
425 3052 661 3130 officialibusque
683 3052 859 3112 solvendum
882 3051 1015 3128 quotidie
1041 3051 1213 3108 mutabatur
1241 3059 1271 3108 et
1297 3069 1444 3110 annonae
1474 3055 1608 3114 urbanae
1629 3055 1661 3112 ri·

382 3272 405 3334 ¹)
425 3272 573 3325 Sciscitanti
593 3273 655 3322 mibi
676 3288 721 3337 per
740 3271 899 3321 Boeclrbium
919 3279 1047 3334 nostrum,
1073 3285 1161 3320 annon
1180 3270 1249 3334 apud
1269 3269 1463 3334 Franeogallos
1484 3282 1591 3323 moneta
1612 3288 1660 3322 rerr

322 3382 367 3430 per
394 3365 481 3414 turbas
506 3379 594 3414 eorum
619 3365 707 3414 civiles
732 3365 827 3429 pariter
851 3365 950 3414 sublata
974 3365 1071 3414 similes
1095 3363 1278 3428 dispositiones
1307 3363 1478 3427 aliquamdiu
1506 3367 1659 3424 obtinuerint,

321 3459 359 3508 M.
374 3458 455 3506 Block
476 3457 552 3505 bodie
566 3457 674 3506 Parisiis
694 3457 788 3521 degens
808 3457 941 3521 respondit
960 3473 1018 3506 rere
1037 3473 1082 3521 per
1101 3455 1206 3520 aliquod
1227 3463 1326 3519 tempus
1347 3457 1448 3506 salaria
1463 3461 1497 3508 ad
1515 3460 1658 3509 frumentun

322 3556 457 3600 numerata
477 3564 544 3608 esse,
564 3549 645 3598 citans
665 3550 732 3598 inter
751 3549 804 3600 alia
822 3549 1012 3598 constitutionis
1032 3549 1093 3600 anni
1108 3549 1149 3597 111
1169 3565 1190 3596 c.
1207 3547 1272 3596 173:
1297 3543 1335 3596 Le
1356 3550 1505 3600 trar'tement
1526 3551 1557 3601 rle
1577 3549 1658 3602 clama

323 3637 401 3692 rl'cnc
426 3641 519 3706 (agitur
538 3641 570 3690 de
590 3641 765 3705 quinqueviris
785 3643 821 3690 rei
841 3639 958 3706 publicae
978 3639 1207 3700 administrandae)
1233 3646 1270 3689 est
1282 3637 1349 3705 fice',
1374 3657 1446 3708 pour
1467 3641 1566 3710 citaque
1586 3641 1656 3700 anna,

322 3733 338 3784 ir
357 3735 384 3785 la
404 3734 492 3784 calcar
511 3731 542 3782 de
562 3733 694 3800 cinquante
712 3733 779 3782 mille
798 3733 1001 3799 myriaprammes
1021 3731 1051 3782 de
1062 3732 1182 3797 sroment.

379 3825 403 3888 ²)
423 3826 494 3876 Ram.
515 3823 671 3875 Mainrweaen
692 3843 716 3890 p.
733 3827 794 3876 835.

380 3917 404 3980 ³)
425 3917 475 3968 Die
490 3915 624 3980 Vortlrcile,
643 3919 679 3968 ait
696 3917 985 3982 Betlrmenn·llollweg
1002 3915 1169 3984 Cr'oilprocess
1189 3919 1205 3966 3
1226 3933 1250 3980 p.
1264 3918 1324 3978 140,
1346 3915 1387 3966 dic
1407 3917 1453 3967 dte
1469 3917 1603 3985 Officialen
1621 3918 1657 3968 der

321 4011 475 4079 lllaqr'atrate
491 4011 541 4074 fir
565 4010 618 4061 r'bre
639 4008 812 4076 Bemrilrunqen
836 4027 924 4076 royen,
952 4009 1084 4060 destanden
1110 4007 1184 4059 tleilc
1202 4010 1228 4057 in
1253 4007 1412 4074 siffentliclrer
1435 4009 1597 4084 Beaaldnnffi
1619 4011 1656 4060 dar

321 4103 396 4167 herfat
415 4105 440 4152 in
460 4120 489 4152 :a
512 4102 588 4153 Gelde
608 4101 822 4169 anqeeclrlaqenen
837 4101 991 4153 Naturalien
1019 4103 1132 4164 (annona
1157 4100 1208 4150 and
1232 4100 1355 4166 capitas),
1386 4099 1466 4152 tber'la
1495 4105 1520 4152 in
1547 4103 1603 4154 seir
1625 4101 1655 4152 a·

321 4194 456 4246 deatcnden
476 4193 602 4262 Sportela.
642 4197 710 4246 lllud
731 4212 818 4245 verum
837 4203 889 4258 est;
916 4197 966 4244 iam
990 4203 1076 4245 autem
1095 4203 1203 4258 apparet
1226 4193 1355 4257 sportulas
1382 4209 1490 4260 qnoque
1510 4196 1656 4262 aliquamdiu

321 4290 411 4338 eodem
431 4289 509 4338 modo
529 4291 672 4353 persolutae
692 4304 755 4338 csse.

380 4378 407 4442 ⁴)
427 4381 518 4445 Neque
536 4382 563 4430 in
583 4383 631 4431 hoe
652 4382 735 4430 edicto
755 4396 837 4446 neque
854 4382 880 4429 in
895 4381 976 4429 altero
988 4380 1146 4428 Diocletiani
1160 4379 1191 4428 de
1206 4379 1294 4442 pretiis
1309 4393 1395 4428 rerum
1411 4379 1446 4440 (c.
1461 4382 1525 4442 1‚t)
1540 4382 1656 4430 frumento

323 4474 504 4523 determinatio
519 4475 636 4536 adicitur,
657 4475 703 4524 sed
718 4489 795 4524 uuum
810 4474 919 4538 pretinm
934 4474 1080 4536 apponitur.
1107 4473 1198 4536 Itaque
1212 4470 1368 4535 intellegitur
1380 4471 1544 4523 frumentum
1559 4473 1655 4530 mediae,

321 4581 374 4614 uon
393 4566 505 4615 eximiae
525 4567 655 4616 bonitatis.

381 4656 404 4718 ⁵)
425 4657 455 4708 C.
469 4659 519 4709 Tb.
539 4661 564 4721 7,
585 4660 615 4720 4,
639 4661 672 4708 10
691 4673 714 4709 a.
730 4656 797 4709 364:
822 4656 982 4708 Protectores
993 4657 1053 4722 sori
1070 4671 1152 4706 reram
1171 4655 1295 4705 renalium
1314 4655 1388 4705 iuria
1407 4659 1503 4708 ceteris
1522 4659 1598 4710 moria
1620 4653 1654 4706 od·

321 4750 475 4800 servantiam
494 4752 519 4800 in
540 4767 695 4800 aeneatorum
718 4767 818 4800 sacram
841 4749 969 4800 conzmoda
989 4751 1075 4817 pretia
1098 4756 1280 4815 consequantur
1303 4749 1357 4809 (nbi
1383 4750 1464 4815 iunge
1480 4751 1542 4816 sori
1558 4749 1653 4818 pretia).

321 4845 351 4893 L.
366 4843 399 4893 32
421 4843 479 4892 eod.
499 4857 522 4892 a.
537 4844 604 4893 412:
626 4859 673 4909 pcr
692 4843 887 4894 cornicularium
906 4844 1078 4909 cuiuscumque
1092 4841 1264 4909 provincialia
1283 4839 1365 4908 officii
1383 4840 1451 4893 banc
1471 4842 1653 4894 sollicitudines·

322 4935 422 5001 impleri
440 4936 582 4996 conveniat,
607 4936 644 4985 ita
663 4943 690 4984 ut
780 4953 865 4986 aarum
886 4951 916 4986 ea
936 4935 1009 4986 titulo
1034 4935 1164 5002 manifesta
1189 4931 1266 4984 eidem
1290 4932 1434 5000 deleyatnm
1533 4936 1652 5002 inrapiat,

322 5028 395 5076 etiam
409 5028 519 5094 pretinm
539 5027 578 5078 irie
598 5029 641 5094 qai
659 5027 784 5078 adaerere
802 5029 927 5079 volamint
947 5027 1100 5095 depensurnc
1118 5028 1190 5076 iacta
1209 5025 1429 5090 nundinationem,
1458 5045 1523 5095 qnae
1541 5035 1585 5077 aut
1599 5026 1653 5091 sorr

322 5135 404 5167 reram
424 5119 547 5170 venalium
566 5121 704 5170 continetur
723 5129 767 5171 nat
786 5121 955 5189 amplissimae
973 5121 1150 5189 praefecturae
1174 5127 1210 5170 eat
1233 5119 1337 5170 culmini
1361 5119 1496 5188 deputata.
1539 5119 1653 5175 Similiter

322 5210 417 5260 ibidem
437 5213 453 5260 l.
470 5211 512 5261 28.
528 5213 562 5262 36
582 5221 607 5264 et
628 5217 652 5277 ὃ,
667 5215 692 5277 4,
709 5214 750 5266 19.
