3502 5834
303 532 375 602 280
736 553 1008 604 scurrauuuus
1036 554 1118 605 von.
1134 556 1202 606 v111

301 653 606 662 ffl———.

378 833 495 933 xuin.
540 872 730 934 coccum
755 875 885 934 suum
907 875 1135 935 nunninus
1158 875 1257 936 aaa.
1281 877 1398 935 zaim
1420 874 1557 936 uuam

788 979 869 1054 (Sidi
876 977 1149 1053 ·Antor·Djedtdi).

344 1139 446 1198 Titulo
468 1161 497 1198 u.
514 1139 573 1199 289
597 1141 724 1200 feliciter
746 1143 867 1200 invento
890 1144 1095 1201 controversia
1117 1145 1153 1202 de
1171 1145 1281 1202 Zamae
1304 1143 1416 1221 Regiae
1438 1145 1498 1202 situ
1519 1144 1639 1202 tamdiu

300 1243 441 1318 ambigua
461 1250 576 1302 tantum
599 1244 685 1302 abest
707 1251 739 1302 ut
761 1244 877 1302 taudem
901 1245 1063 1320 aIIquando
1079 1247 1183 1304 sedata
1199 1247 1248 1317 ait,
1271 1257 1303 1304 ut
1324 1266 1403 1305 nunc
1425 1247 1461 1304 de
1478 1265 1515 1304 ea
1534 1247 1639 1304 acrius

301 1365 390 1420 quam
414 1365 544 1421 unquam
567 1355 636 1405 aute
657 1347 734 1404 inter
755 1348 891 1405 homines
914 1347 1019 1405 doctos
1041 1349 1182 1425 litigetur.
1220 1347 1298 1406 Nam
1321 1359 1350 1406 et
1365 1349 1532 1407 Ptolemaei
1552 1348 1638 1406 testi-

301 1449 415 1520 monio,
446 1449 556 1526 quippe
584 1449 631 1506 cui
660 1439 745 1514 Za'aa
774 1440 872 1517 μείζων
900 1450 1067 1525 appelletur
1101 1451 1241 1527 oppidum
1271 1450 1428 1508 Numidiae
1462 1470 1558 1509 novae
1583 1450 1638 1520 IV,

302 1551 334 1618 3,
356 1552 408 1622 33,
437 1553 554 1626 etipsa
577 1551 686 1608 Zamae
709 1551 821 1626 Regiae
843 1552 962 1609 nominc
990 1552 1123 1609 nonnulli
1151 1561 1257 1630 putant
1284 1554 1473 1629 comprobari
1499 1553 1578 1610 duas
1607 1554 1639 1610 in

302 1652 406 1710 Africa
431 1653 524 1710 luisse
547 1653 656 1711 Zamas
680 1653 754 1710 solis
776 1655 1000 1728 cognominibus
1026 1655 1183 1712 distinctas
1206 1675 1302 1731 neque
1329 1655 1488 1714 admittunt
1510 1655 1639 1712 Zamam

302 1774 380 1827 eam,
414 1773 489 1830 quae
522 1755 577 1812 fuit
610 1756 647 1811 ad
680 1756 776 1812 vicum
814 1753 1163 1830 Sidi-Amor·Djedidi‚
1197 1758 1291 1816 luisse
1323 1757 1458 1833 Regiam.
1514 1756 1641 1815 Tabula

302 1867 398 1914 autem
426 1857 647 1932 Peutiugerana
672 1876 736 1915 cum
765 1857 887 1916 Zamam
918 1859 1031 1933 regiam
1059 1859 1184 1917 collocet
1211 1861 1242 1916 iu
1272 1859 1321 1916 via
1348 1859 1510 1918 Althiburo
1533 1858 1640 1935 Thys-

303 1958 388 2016 drum
417 1959 540 2017 ducente
568 1961 598 2017 in
627 1960 705 2017 bunc
735 1959 866 2018 modum:
898 1959 1028 2018 Assuras
1055 1959 1106 2034 (=
1133 1960 1187 2019 Hr.
1211 1959 1338 2037 Zaulirr)
1362 1995 1401 2004 -
1423 1962 1454 2020 X
1478 1993 1516 2003 —
1541 1961 1641 2019 Zama

302 2062 407 2136 Rapio
431 2092 466 2104 -—
489 2061 551 2119 XX
574 2094 611 2102 -
636 2059 728 2136 Seppo
750 2095 790 2103 —
813 2061 844 2119 X
866 2093 906 2102 —
929 2061 1027 2120 Auula
1048 2095 1089 2104 ——
1109 2063 1171 2120 VII
1195 2096 1233 2105 —
1256 2063 1441 2138 Autt'peidam
1463 2095 1501 2104 —
1526 2063 1574 2122 VI
1597 2096 1642 2104 —

308 2163 428 2239 Uzappa
451 2163 503 2238 (=
528 2161 611 2222 Ksur
634 2163 877 2238 AbdeI-Melek)
901 2197 937 2206 —
962 2163 1006 2222 VI
1029 2197 1070 2208 —-
1092 2165 1240 2241 Manceps
1263 2198 1301 2207 —
1325 2165 1385 2224 VII
1409 2200 1446 2210 —
1469 2164 1575 2242 Appos·
1601 2199 1641 2207 —

302 2265 378 2322 XIV
398 2299 438 2308 —
459 2265 563 2342 Aquae
584 2266 692 2340 Raptae
715 2265 767 2340 (=
786 2265 838 2322 Hr.
855 2264 1040 2341 Babtiscba),
1064 2287 1101 2324 nc
1123 2287 1159 2325 en
1182 2267 1300 2343 quidem
1324 2269 1495 2326 testimonio
1517 2277 1641 2325 contro-

302 2367 403 2425 versia
423 2369 534 2428 finitur.
579 2365 612 2427 si
638 2377 718 2427 recte
744 2368 868 2427 haberet
890 2385 923 2426 se
945 2368 1130 2427 itinerarium
1153 2369 1242 2427 modo
1270 2370 1412 2440 relatum,
1441 2369 1535 2426 Zama
1557 2387 1642 2445 quae

303 2469 359 2526 luit
380 2469 418 2527 ad
441 2467 753 2544 Sidi-Amor-Djedtdi
774 2489 834 2529 nou
856 2469 913 2528 fuit
934 2470 1038 2546 Regia3
1061 2491 1129 2530 nam
1152 2470 1280 2547 Uzappa
1301 2472 1351 2530 ubi
1375 2472 1463 2530 luerit
1484 2490 1551 2530 cum
1576 2472 1642 2531 iam

303 2579 420 2630 constet
442 2571 484 2646 (v.
501 2591 528 2647 p.
544 2572 629 2648 278),
653 2581 768 2631 constet
781 2572 853 2630 item
869 2571 905 2628 de
920 2573 1018 2648 Aquis
1034 2572 1137 2649 Regiis
1160 2572 1287 2649 (v.VIII
1301 2594 1329 2651 p.
1345 2573 1410 2649 20),
1432 2575 1509 2631 inter
1524 2583 1641 2632 utram-

303 2693 360 2749 que
377 2675 562 2732 mansionem
578 2674 720 2750 oppidum
742 2674 780 2731 ad
796 2671 1109 2750 Sidi-Amor-Djedtdi
1131 2676 1281 2752 interponi
1303 2695 1362 2734 non
1384 2684 1483 2750 potest
1504 2676 1563 2733 uiai
1588 2676 1642 2733 ad·

304 2778 406 2835 missia
422 2778 486 2835 viae
502 2776 686 2834 aufractibus
703 2775 786 2834 nullo
802 2775 890 2834 modo
906 2777 1077 2835 tolerandis.
1114 2779 1157 2834 At
1176 2785 1209 2835 ut
1224 2778 1348 2836 Zamam
1365 2778 1529 2851 mittamus,
1544 2783 1641 2835 etiam

304 2878 423 2938 aliunde
446 2887 562 2938 constat
583 2878 766 2937 itinerarium
790 2878 864 2936 illud
880 2886 972 2936 totum
995 2880 1198 2954 perturbatum
1214 2897 1290 2938 esse.
1324 2879 1404 2939 Nam
1419 2899 1485 2938 cum
1502 2882 1642 2939 Assuras

304 2983 341 3039 ab
356 2980 484 3059 Uzappa
506 2981 555 3039 via
575 2989 657 3039 recta
678 3000 717 3038 m.
734 2998 762 3056 p.
779 2981 895 3040 circiter
913 2980 1022 3038 XXIII
1044 2981 1133 3052 absit,
1155 2981 1317 3040 secundum
1340 2983 1399 3040 tab.
1416 2982 1556 3058 Peuting.
1581 2983 1642 3042 hoc

303 3083 491 3142 intervallum
507 3083 586 3141 foret
600 3083 712 3140 milium
734 3083 842 3159 pedum
857 3082 941 3140 LIII.
975 3083 1092 3140 Deinde
1107 3102 1162 3142 sex
1177 3085 1333 3156 stationes,
1355 3093 1428 3160 quot
1443 3095 1642 3143 recensentur

303 3185 334 3242 iu
355 3186 459 3243 tabula
480 3185 630 3263 Pectiug.‚
653 3193 711 3243 tam
735 3203 828 3262 parvo
851 3185 916 3243 viae
940 3186 1046 3242 tractui
1069 3185 1145 3244 male
1168 3188 1357 3244 conveniunt.
1397 3184 1482 3259 Quae
1504 3206 1573 3246 oum
1596 3188 1642 3245 ita

305 3288 379 3359 sint,
407 3288 592 3346 itinerarium
615 3305 674 3344 non
697 3288 798 3346 obstat
818 3287 978 3363 quominus
1001 3287 1124 3346 Zamam
1146 3289 1225 3346 tituli
1251 3288 1329 3346 iulra
1350 3288 1436 3348 relati
1462 3307 1517 3364 pro
1539 3289 1642 3365 Regia

305 3390 496 3466 accipiamus,
519 3409 585 3448 curn
607 3390 782 3466 praesertim
805 3408 870 3447 eam
894 3391 983 3448 sitam
1005 3391 1098 3449 fuisse
1121 3391 1158 3446 ab
1177 3391 1342 3449 Asseribus
1364 3389 1548 3449 occidentem
1572 3411 1641 3449 ver·

305 3509 357 3550 sus
385 3493 474 3551 etiam
501 3493 583 3550 illius
614 3493 783 3551 testimonio
816 3509 940 3567 prorsus
974 3493 1173 3550 confirmetur.
1229 3490 1365 3552 Sallustii
1399 3501 1496 3552 autem
1525 3492 1641 3552 Zamae

305 3594 406 3670 oppidi
433 3595 662 3671 descriptionem
695 3595 774 3670 (Ing.
792 3592 831 3652 56
854 3611 933 3670 seq,
960 3594 998 3652 cf.
1011 3594 1087 3652 VIII
1114 3613 1141 3670 p.
1161 3592 1221 3651 210
1243 3595 1321 3671 seq.)
1354 3595 1513 3654 convenire
1540 3596 1641 3653 videri

305 3717 371 3755 cum
399 3699 459 3756 situ
485 3716 534 3772 eo,
562 3699 612 3756 ubi
638 3704 684 3756 est
709 3694 1054 3769 Sidi-Amor-Djedidi‚
1088 3696 1200 3754 iudicat
1226 3689 1354 3755 Carolus
1382 3696 1501 3769 Tissot,
1530 3697 1641 3756 harum

304 3801 511 3877 quaestionum
533 3801 719 3860 existimator
740 3799 939 3876 peritissimus
969 3799 1233 3874 (comptas-rendae
1261 3801 1294 3856 de
1318 3799 1425 3858 l'acad.
1448 3799 1497 3856 XI
1525 3799 1640 3874 (1883)

304 3924 333 3980 p.
351 3902 435 3978 207).
474 3903 613 3979 Denique
636 3902 749 3978 aliquid
771 3901 912 3977 ponderis
936 3901 1034 3972 habet,
1056 3901 1135 3976 quod
1158 3901 1188 3958 in
1210 3901 1313 3959 tabula
1334 3909 1509 3976 patronatus
1532 3919 1559 3958 a.
1577 3900 1641 3959 322

305 4004 353 4080 (0.
370 4005 393 4064 1.
408 4004 444 4064 L.
455 4005 509 4077 VI,
528 4005 620 4081 1686)
642 4005 834 4063 inveniuntur
854 4003 946 4062 coloni
968 4003 1094 4061 coloniae
1115 4003 1215 4061 Aeliae
1236 4003 1408 4060 Hadriacas
1429 4003 1505 4078 Aap.
1528 4002 1643 4062 Zamae

304 4109 427 4184 Raptae,
453 4109 484 4166 in
510 4108 598 4166 titulo
626 4115 724 4166 autem
751 4125 840 4183 quem
866 4109 925 4166 iam
953 4106 1067 4164 edimus
1094 4125 1122 4163 n.
1144 4104 1219 4175 289,
1249 4105 1342 4162 Zama
1370 4124 1430 4164 nou
1461 4104 1558 4163 solum
1591 4125 1643 4163 co-

305 4210 386 4268 Ionia
414 4211 595 4287 appellatur,
627 4229 729 4269 verum
758 4210 847 4268 etiam
874 4209 995 4268 flamoui
1022 4209 1157 4285 perpetui
1184 4207 1295 4266 mentio
1323 4209 1357 4266 fit
1386 4207 1447 4265 divi
1476 4205 1644 4280 Hadriani,

305 4328 365 4386 quo
398 4308 585 4370 Hadrianum
618 4313 705 4372 huius
738 4313 835 4387 ipsius
867 4311 1001 4370 coloniae
1034 4310 1218 4368 conditorem
1252 4310 1345 4369 fulsse
1377 4309 1464 4366 valde
1502 4309 1643 4385 profecto
1674 4363 1676 4366 ,

304 4413 530 4472 commendatur
552 4415 731 4474 coniectura.
781 4415 863 4491 Ergo
890 4413 1027 4491 equidem
1056 4431 1115 4470 non
1144 4412 1374 4488 subscripserIm
1401 4412 1644 4472 dubitationibus

305 4515 438 4574 virorum
462 4517 616 4576 doctorum
643 4517 764 4576 nimium
793 4527 962 4586 cautorum,
989 4521 1021 4572 ut
1047 4515 1119 4573 mihi
1147 4514 1277 4585 videtur,
1309 4514 1360 4589 qui
1386 4513 1416 4572 in
1445 4514 1502 4572 bac
1531 4533 1646 4574 caussa

305 4618 474 4676 etiamnunc
500 4620 702 4696 ampliandum
729 4639 796 4680 esse
824 4620 1036 4678 iudicaverunt.
1092 4614 1231 4675 Ceterum
1258 4616 1305 4674 hle
1331 4616 1414 4675 iurat
1445 4635 1569 4675 monere
1606 4619 1645 4676 ab

305 4721 526 4796 provinciarum
549 4723 773 4798 proconsularis
795 4733 825 4780 et
844 4721 1019 4798 Byzacenae
1041 4719 1171 4778 confinio
1196 4718 1318 4777 Zamam
1349 4719 1486 4795 proxime
1516 4717 1644 4780 afuisse.

304 4819 383 4880 Nam
406 4835 439 4882 ut
460 4825 609 4884 civitatem
632 4825 840 4884 Muzuceusem
862 4823 931 4882 inde
952 4823 1056 4899 paucis
1079 4821 1273 4880 chiliomotrie
1296 4821 1457 4879 distantem
1484 4821 1644 4881 meridiem

305 4943 408 4984 versus
437 4925 614 5003 Byzacenae
647 4929 756 4987 finibus
788 4927 933 4986 inclusam
965 4925 1058 4984 fuisse
1092 4941 1185 5001 supra
1217 4924 1374 5000 probatum
1407 4930 1453 4981 est
1485 4921 1529 4999 (p.
1554 4922 1646 5000 279),

304 5027 347 5085 ita
369 5029 561 5106 municipium
584 5030 760 5102 Muzuense,
789 5029 868 5106 quod
892 5033 955 5087 erat
976 5027 1014 5085 ad
1037 5027 1230 5085 confluentem
1259 5027 1417 5084 fluviorum
1440 5025 1519 5084 wau
1541 5025 1649 5085 Marus

305 5137 336 5187 et
359 5129 434 5190 Wtd
463 5131 563 5210 Bargu
591 5141 681 5209 atque
708 5153 725 5190 a
752 5132 846 5190 Zama
875 5149 929 5189 sex
955 5130 1018 5188 fere
1048 5129 1178 5187 chiliom.
1212 5129 1344 5187 distabat
1376 5129 1454 5185 inter
1487 5129 1644 5188 meridiem

305 5234 514 5309 clericalem,
542 5235 577 5294 ad
602 5236 786 5312 provinciam
813 5233 1058 5312 proconsularem
1085 5231 1264 5308 pertinuisse
1291 5230 1369 5288 infra
1395 5229 1439 5305 (p.
1457 5228 1532 5306 282)
1561 5232 1645 5289 vide-
