3450 5842
344 524 390 594 57
394 525 417 594 0
774 541 1050 595 snnrrsuaurs
1077 541 1158 594 vor..
1179 543 1222 594 111
1635 547 1684 596 mr

385 715 421 775 ad
444 717 485 788 B,
508 716 535 774 7.
571 716 723 776 Robertus
738 716 860 789 Mouet,
883 718 933 793 qui
955 716 1181 793 inscriptionem
1202 717 1279 776 hanc
1293 719 1451 794 repetivit
1467 719 1519 777 bis
1537 719 1688 795 butttpipr.

342 817 391 893 (cte
413 818 443 876 lu
465 816 572 895 Gaulo)
600 819 693 877 vol.3
716 840 745 897 p.
760 819 818 878 199
841 828 871 878 et
893 819 986 879 vol.4
1009 837 1038 895 p.
1055 819 1109 890 35,
1137 819 1244 878 litteris
1267 819 1368 880 tribus
1396 820 1415 878 b
1443 821 1463 878 7
1489 836 1607 880 r·s·s·
1633 839 1688 879 cou-

343 921 437 979 tendit
458 921 670 998 signiticarifit
691 939 800 980 summu
821 939 1006 994 summarum
1030 931 1060 979 et
1082 941 1182 980 verum
1206 929 1251 981 est
1272 941 1367 998 supro
1395 927 1587 1000 scrupeorum
1608 923 1688 982 color-

343 1026 410 1081 ttum
432 1024 530 1082 minus
551 1031 632 1083 recte
653 1024 744 1083 scribi
766 1043 856 1100 quam
879 1025 1034 1084 cohortium
1055 1044 1146 1102 supra
1166 1029 1349 1102 scriptorum,
1375 1044 1487 1102 neque
1504 1026 1538 1084 id
1555 1045 1604 1086 me
1616 1027 1686 1104 ingit.

343 1122 404 1184 Sed
425 1125 569 1185 deterruit
589 1146 637 1185 me
659 1144 725 1185 cnm
747 1127 912 1185 litterarum
936 1127 1133 1204 singularium
1159 1127 1241 1186 nullo
1267 1128 1418 1204 exemplo
1452 1130 1686 1187 confirmatarum

342 1227 486 1288 admissio
508 1237 571 1288 tum
593 1228 705 1288 locutio
727 1229 894 1308 appositive
916 1229 1046 1290 formata
1068 1249 1140 1288 sane
1162 1230 1285 1289 insolite
1305 1233 1344 1306 fit
1372 1249 1499 1290 summu
1528 1251 1686 1291 summarua

342 1334 517 1390 centuriones
531 1331 572 1390 X.
610 1332 674 1390 Iam
697 1349 767 1390 vero
789 1332 929 1391 existimo
952 1332 1098 1391 erravisse
1121 1351 1166 1391 me
1189 1341 1218 1390 et
1239 1351 1342 1390 verum
1364 1333 1492 1392 vidisse
1509 1333 1685 1402 Movvatiun.

341 1433 515 1494 recordatus
537 1433 717 1492 calculorum
739 1434 819 1512 apud
842 1431 988 1493 Catonem
1010 1434 1046 1492 de
1069 1434 1133 1511 agri
1155 1434 1224 1493 cult.
1247 1453 1272 1493 c.
1289 1435 1340 1505 22,
1360 1437 1393 1494 3.
1450 1436 1502 1494 Ibi
1527 1438 1610 1495 enim
1629 1445 1685 1514 post

341 1535 475 1613 singulas
499 1555 632 1596 summas
653 1536 766 1596 relatas
789 1555 866 1614 quae
893 1537 1027 1614 sequitur
1054 1555 1093 1594 ex
1121 1537 1284 1596 coniunctis
1313 1538 1444 1612 effecta,
1477 1539 1507 1596 ei
1541 1539 1591 1598 bis
1616 1559 1683 1617 prae

341 1640 498 1698 mittuntur
519 1648 607 1698 notae
635 1654 735 1712 s·s·,
761 1639 793 1698 id
819 1639 898 1716 quod
921 1659 991 1699 vere
1019 1639 1136 1698 videtur
1161 1639 1426 1715 interpretandum
1457 1659 1535 1700 esse
1565 1660 1636 1714 non,
1660 1649 1683 1698 ut

341 1741 437 1801 adhuc
459 1741 646 1816 factumest,
669 1761 777 1802 summa
799 1752 938 1820 sumptus,
962 1741 1015 1801 sed
1037 1760 1146 1801 summu
1167 1759 1350 1814 summorum,
1373 1761 1450 1802 cum
1465 1745 1500 1802 in
1518 1743 1615 1803 simili
1630 1744 1679 1802 loco

341 1843 389 1918 (5,
411 1844 443 1917 2,
465 1844 498 1920 5)
532 1843 699 1904 Columella
725 1845 769 1904 sic
796 1846 919 1904 scribat:
953 1855 1101 1921 utrumque
1130 1863 1266 1902 summum
1293 1849 1482 1920 componito:
1503 1849 1587 1923 fiunt
1608 1848 1679 1924 pedu

339 1945 493 2014 XXXIX
509 1948 599 2006 milia.
637 1947 734 2022 Quam
758 1947 796 2006 ob
818 1966 880 2006 rem
902 1947 1015 2006 locutio
1037 1947 1111 2006 haec
1133 1965 1203 2006 vere
1226 1947 1342 2005 videtur
1364 1949 1501 2025 propria
1524 1950 1622 2009 fuisse
1642 1968 1677 2006 re

338 2056 484 2108 tustorum
508 2049 721 2108 calculatorum
744 2059 773 2108 et
793 2049 1009 2110 tabulariorum
1033 2057 1063 2108 ct
1085 2049 1123 2107 ab
1145 2049 1191 2107 his
1212 2049 1454 2127 pervenissent
1471 2059 1587 2128 poetas
1602 2051 1675 2110 Plar-

337 2161 399 2209 tum
422 2161 453 2210 et
471 2137 647 2212 Lucretium
670 2151 807 2229 aliosque
830 2151 959 2228 (Seneca
983 2152 1069 2228 epist.
1093 2151 1133 2209 40
1148 2151 1224 2226 lin).

379 2254 418 2312 ad
438 2252 478 2325 B,
502 2254 548 2312 10.
592 2252 639 2312 De
661 2253 744 2314 lacco
764 2255 912 2314 vocabulo
935 2273 1030 2331 nuper
1056 2253 1118 2330 egit
1139 2251 1248 2312 Franc.
1272 2252 1447 2314 Buecheler
1476 2257 1510 2314 in
1536 2258 1604 2335 eph.
1625 2257 1673 2314 llo
1716 2331 1717 2336 η

337 2357 458 2415 nacensi
483 2355 593 2416 Archiv
612 2356 670 2432 seir
699 2357 863 2416 lateinisclte
889 2356 1118 2433 Leeicoprcplie
1144 2357 1205 2414 und
1227 2354 1410 2415 Grammatik
1440 2359 1505 2417 vol.
1532 2363 1545 2416 l
1578 2358 1671 2434 (last)

336 2477 365 2534 p.
379 2457 449 2518 285.
480 2458 584 2519 Potest
606 2459 733 2518 conferri
753 2459 833 2534 quod
848 2460 878 2518 in
894 2459 983 2517 titulo
998 2467 1124 2535 excepto
1140 2457 1258 2517 Damae
1272 2458 1303 2516 in
1315 2458 1543 2519 Trachonitide
1560 2461 1671 2538 (Lehm-

335 2561 539 2639 Waddington
561 2581 590 2620 n.
607 2559 703 2637 2452)
730 2561 851 2640 legitur:
880 2551 913 2619 td
933 2563 1028 2632 μνῆμα
1048 2550 1096 2618 uui
1118 2555 1168 2630 τὴν
1195 2553 1284 2630 αὐλὴν
1309 2550 1358 2618 καὶ
1383 2553 1437 2618 τᾶν
1464 2553 1572 2621 ἐνόντα
1598 2555 1669 2620 >Aa

334 2653 382 2721 nul
403 2665 516 2722 συκῶνα
536 2659 702 2740 ἐφύτευσεν.

376 2765 412 2824 ad
435 2766 473 2838 B,
499 2767 546 2826 15.
594 2765 678 2826 Idem
701 2765 862 2827 Mowatius
889 2767 970 2844 quod
996 2767 1053 2826 hoc
1078 2765 1144 2824 loco
1171 2765 1279 2843 legitur
1305 2776 1435 2824 castrum
1463 2768 1667 2845 interpretatus

334 2877 380 2927 est
400 2878 497 2927 castra
518 2869 674 2946 m(as'ora)‚
700 2887 872 2946 perperam;
906 2888 975 2928 nam
998 2869 1093 2928 fuisse
1115 2867 1204 2946 Copti
1227 2875 1327 2926 castra
1349 2869 1423 2926 bina
1445 2871 1528 2946 iam,
1561 2874 1667 2931 sublato

333 2989 435 3030 errore
458 2970 641 3046 Desjardinii
667 2971 795 3048 legentis
817 2973 888 3031 1215
912 2989 929 3030 ιι
951 2989 1006 3049 pro
1030 2988 1079 3044 ετ,
1109 2970 1238 3048 amplius
1265 2988 1324 3030 non
1354 2953 1413 3028 crit
1443 2973 1496 3049 qui
1528 2974 1665 3041 detentu.

332 3093 387 3133 nec
416 3075 484 3133 licet
511 3083 643 3134 tenorem
673 3075 837 3150 scripturae
868 3074 1062 3150 aequabiliter
1094 3073 1299 3132 decurrentem
1332 3073 1561 3152 interrumpere
1591 3078 1666 3134 iuter·

332 3176 431 3251 posita
452 3177 552 3236 nescio
574 3195 635 3253 qua
654 3177 755 3236 littera
780 3177 926 3253 singulari
952 3195 1011 3236 non
1038 3175 1076 3235 ad
1104 3175 1268 3254 legitimam
1296 3194 1450 3249 normam,
1478 3179 1538 3236 sed
1569 3193 1664 3237 temere

331 3278 420 3354 plane
442 3279 622 3357 excogitata.
677 3277 792 3339 Contra
813 3279 865 3354 qui
886 3277 1106 3354 comparaverit
1133 3278 1293 3336 interulis
1320 3278 1434 3336 similia
1461 3281 1547 3356 quod
1576 3290 1620 3340 est
1642 3282 1664 3338 in

331 3381 417 3440 titulo
444 3399 539 3458 nuper
565 3382 594 3441 in
617 3381 722 3441 Africa
748 3381 905 3440 eruderato
933 3380 1041 3458 (supra
1066 3400 1095 3457 p.
1112 3379 1171 3438 541
1200 3399 1230 3439 n.
1249 3378 1342 3454 1233)
1371 3381 1443 3439 anni
1472 3391 1547 3443 ante
1571 3381 1662 3444 Chai

330 3485 397 3560 imp.
424 3482 573 3542 Caesarem
595 3481 727 3560 Aupusto
749 3483 791 3541 Μ.
811 3483 926 3543 Plautio
946 3482 1082 3554 Siluano,
1104 3481 1175 3541 mihi
1198 3481 1345 3542 adsentiat
1367 3491 1528 3544 auctorem
1553 3487 1662 3546 alterius

330 3585 524 3644 additamenti
551 3584 634 3661 (nam
661 3603 707 3644 vv.
736 3585 794 3644 duo
817 3585 898 3644 tlt.
918 3585 955 3643 15
982 3585 1020 3643 ab
1046 3585 1108 3643 alia
1134 3603 1226 3643 manu
1252 3585 1369 3642 exarati
1396 3585 1484 3662 sunt)
1515 3589 1591 3647 vitio
1615 3607 1662 3647 ser·

330 3689 428 3747 monis
450 3687 495 3746 rel
517 3687 769 3766 pronuntiationis
792 3697 917 3748 castrum
940 3686 1061 3746 dedisse
1082 3706 1137 3765 pro
1160 3695 1266 3746 castra.

636 3857 837 3866 ——-—-a--—

699 4049 801 4110 VIAE
822 4048 1016 4110 AEGYPTI
1041 4049 1149 4126 (supra
1170 4069 1199 4126 p.
1219 4048 1280 4126 12).

327 4205 416 4270 tata
439 4208 475 4269 ad
498 4206 617 4286 Eph.V
640 4227 668 4267 n.
687 4210 734 4268 18.
782 4207 942 4268 Eduardus
964 4205 1085 4266 Naville
1112 4227 1165 4285 per
1186 4207 1303 4265 litteras
1332 4207 1497 4267 certiorem
1526 4231 1575 4270 me
1602 4210 1658 4269 iecit

368 4312 498 4371 tabulam
522 4313 598 4371 hanc
621 4312 714 4388 (dalle
736 4311 770 4370 dc
791 4309 918 4370 calcaire
940 4311 1024 4370 blanc
1045 4311 1079 4368 de
1102 4309 1141 4368 35
1163 4310 1335 4368 ceritimttres
1358 4312 1394 4368 de
1416 4310 1543 4390 turpem
1563 4333 1612 4372 sur
1627 4311 1658 4368 tt

368 4415 402 4471 de
429 4413 563 4491 hauteur)
596 4425 743 4492 repertam
769 4412 1075 4472 Tell-el·Maschuta
1100 4413 1178 4472 inter
1205 4411 1314 4470 rudera
1340 4413 1434 4472 castri
1465 4414 1596 4474 Romani
1620 4415 1655 4471 in·

367 4516 509 4592 scriptam
532 4534 600 4575 esse
623 4517 683 4575 sic:

797 4617 839 4659 on
869 4615 914 4658 tart
936 4612 1117 4658 vrcroatsvs

797 4701 976 4761 ιιΑόιιιιιΑΝο
1004 4719 1038 4759 er
1061 4717 1178 4760 ssvsao
1267 4731 1287 4760 ι.
1298 4725 1369 4768 accit

795 4805 1036 4864 rurstaroarsvs
1059 4819 1096 4861 ar

796 4923 956 4966 ιιιιιιιιιιιιο
980 4923 1015 4964 sv
1036 4921 1245 4966 cousrsurrao

734 5029 747 5069 s
796 5023 998 5069 nosrtrsstuus
1021 5022 1198 5067 cessaturus

793 5129 831 5170 aa
854 5127 915 5172 sao
938 5127 969 5168 ru
994 5125 1117 5170 ctvssra

854 5215 879 5274 rlr
905 5229 967 5271 νιιιι
1001 5218 1021 5269 Ε
