3510 5828
314 496 386 568 372
747 518 1024 568 nouissimum
1052 517 1133 570 von.
1149 519 1218 570 vm

1283 622 1383 630 --..

650 779 789 842 LXXIII
795 800 842 840 aa.
888 778 1052 842 canani}
1080 779 1154 857 (Ain
1175 779 1312 857 Znarin).

351 951 388 1009 In
409 949 572 1008 itinerariis
593 948 851 1025 monumentisque
874 949 1085 1009 ecclesiasticis
1113 951 1172 1008 tria
1198 950 1385 1027 reperiuntur
1410 950 1520 1026 quibus
1541 950 1650 1011 Cellae

310 1072 419 1112 nomen
442 1053 499 1110 fuit
520 1051 645 1130 oppida,
674 1069 765 1110 unum
786 1053 959 1127 provinciae
980 1052 1172 1130 Byzacenae,
1200 1053 1329 1129 quaein
1355 1053 1509 1112 itinerario
1532 1055 1646 1114 Antan.

310 1175 338 1231 p.
356 1155 395 1213 50
418 1164 627 1232 nuncupantur
653 1151 751 1213 Cellae
772 1152 951 1227 Picentinae,
979 1154 1103 1214 alterum
1126 1154 1333 1214 Mauretaniae
1355 1153 1505 1216 Sitifensis
1533 1156 1585 1230 (cf.
1611 1154 1646 1216 O.

308 1278 337 1335 p.
352 1256 436 1332 747),
459 1257 578 1314 tertium
594 1256 764 1332 provinciae
779 1256 1013 1334 proconsularis,
1037 1257 1075 1315 ad
1090 1256 1171 1333 quod
1185 1258 1312 1334 pertinet
1327 1257 1491 1335 Cyprianus
1505 1256 1646 1317 Cellensia

309 1361 468 1437 epiecopus
490 1361 528 1418 ab
545 1358 697 1417 Hunerieo
719 1377 789 1434 rege
811 1360 842 1416 in
861 1359 984 1417 exilium
1005 1360 1117 1418 missus
1137 1359 1187 1435 (cf.
1206 1360 1313 1418 notitia
1334 1379 1361 1418 a.
1374 1360 1434 1420 483
1457 1361 1514 1418 sub
1535 1379 1563 1418 n.
1577 1361 1644 1438 49).

309 1461 385 1522 Cum
407 1462 465 1521 hoc
487 1461 591 1520 ultimo
614 1461 839 1538 coniungendos
863 1479 929 1520 esse
952 1459 1129 1520 Chellenses
1151 1460 1299 1521 Numidas
1319 1463 1371 1538 qui
1392 1462 1585 1521 nominantur
1613 1463 1645 1520 in

308 1565 394 1623 titulo
417 1566 588 1642 nuperrime
610 1575 729 1641 reperto
752 1563 789 1622 ad
812 1564 871 1622 Ain
891 1563 1002 1622 Zuarin
1023 1561 1120 1623 Lares
1142 1565 1219 1623 inter
1241 1572 1270 1622 et
1292 1564 1483 1624 Althiburum
1505 1564 1643 1641 equidem

307 1685 369 1725 non
390 1667 477 1726 video
505 1686 559 1726 our
580 1684 733 1744 negemus.
783 1664 912 1726 Carolus
934 1664 1037 1724 Tissot
1063 1667 1141 1725 enim
1168 1667 1199 1724 in
1225 1666 1332 1725 litteris
1360 1667 1399 1724 ad
1421 1663 1644 1726 Mommsenum

307 1769 411 1828 missis
434 1767 538 1828 Cellas
560 1769 616 1828 has
638 1785 783 1827 revocans
806 1768 844 1826 ad
866 1760 959 1826 Κιλλα
986 1768 1129 1845 oppidum
1152 1778 1416 1828 commemoratum
1439 1770 1477 1827 ab
1499 1769 1642 1846 Appiano

308 1873 337 1930 in
354 1871 494 1931 Zamensi
515 1891 618 1950 pugna
639 1871 836 1930 describenda
857 1869 938 1946 (bell.
953 1870 1030 1930 Pun.
1044 1869 1098 1947 40)
1115 1869 1312 1949 Naraggarae
1327 1871 1429 1948 utique
1443 1872 1641 1948 pervioinum,

307 1992 413 2032 vereor
434 1993 471 2032 ne
493 1974 633 2051 opinione
656 1973 833 2049 decipiatur3
856 1992 984 2050 namque
1005 1973 1103 2032 dictus
1125 1973 1229 2033 titulus
1249 1992 1431 2050 quamquam
1446 1992 1505 2050 quo
1520 1973 1642 2052 proprie

307 2083 423 2152 spectet
444 2075 614 2153 ambiguum
637 2083 697 2148 est,
728 2094 793 2133 cum
815 2094 869 2152 pro
892 2077 1018 2134 termino
1039 2095 1108 2134 eum
1130 2093 1199 2135 esse
1221 2095 1307 2135 nemo
1329 2093 1390 2134 non
1416 2075 1575 2148 concedat,
1605 2092 1640 2133 eo

308 2179 397 2237 situm
425 2177 527 2254 oppidi
553 2177 680 2237 indicari
711 2178 749 2236 ab
776 2177 856 2249 loco,
891 2196 950 2254 quo
982 2179 1121 2236 inventus
1153 2188 1213 2249 est,
1246 2196 1307 2236 non
1336 2177 1426 2256 longe
1456 2178 1640 2238 disiunctum

306 2280 441 2340 mihimet
463 2280 580 2338 videtur
600 2289 749 2352 constare,
773 2299 827 2339 nec
848 2280 1011 2340 verisimile
1033 2299 1100 2339 eum
1122 2298 1158 2338 eo
1180 2282 1327 2358 perlatum
1351 2299 1419 2340 esse
1440 2300 1458 2339 a
1479 2280 1547 2338 loco
1569 2279 1640 2356 plus

307 2383 346 2440 35
369 2383 487 2442 milibus
510 2383 649 2442 distante.
695 2383 790 2441 Immo
818 2393 870 2441 aut
890 2375 1000 2440 utana
1028 2384 1118 2442 istam
1146 2384 1183 2442 ab
1209 2384 1257 2441 his
1280 2380 1374 2442 Callis
1395 2382 1545 2442 diversam
1571 2399 1640 2441 esse

306 2493 357 2544 aut
379 2486 550 2562 Appianum
571 2485 683 2545 falsum
704 2485 856 2546 rettulisse
879 2484 1034 2544 dicendum
1056 2486 1121 2545 orit.

307 2641 378 2704 030
410 2663 472 2720 rep.
495 2642 534 2703 ad
555 2643 617 2702 Ain
639 2643 764 2716 zuerin,
788 2646 807 2702 d
828 2644 901 2702 dena
921 2661 957 2702 oa
979 2646 1049 2704 trois
1071 2643 1122 2703 la'l.
1146 2663 1184 2702 aa
1205 2641 1327 2702 Ν.Ν.Ε.
1350 2642 1489 2714 ἀἘὸοα,
1515 2643 1591 2702 dans
1614 2645 1640 2702 le

347 2763 411 2804 mur
432 2746 524 2806 d’ane
544 2749 655 2806 maison
676 2746 765 2806 arabe
786 2755 980 2824 apportassent
1000 2765 1040 2804 aa
1061 2745 1141 2806 ctat
1162 2745 1284 2838 Settaiap.

832 2898 1115 2941 CHELLENSES

832 3003 853 3043 Ν
880 3002 947 3043 vm
973 3003 980 3042 l
1007 3002 1028 3042 l)
1053 3007 1074 3044 Α
1100 3002 1116 3044 Ε

830 3105 845 3145 Ρ
880 3103 1065 3148 ccccxliii
1099 3106 1114 3142 Φ

305 3225 462 3303 Descripsi
484 3227 523 3286 ad
545 3235 683 3304 ectypum
706 3227 777 3285 mihi
800 3195 1061 3287 subministratum
1083 3223 1265 3303 aOsgnato,
1284 3224 1336 3301 qui
1357 3223 1459 3296 edidit,
1482 3233 1638 3302 acceptum

304 3348 323 3386 a
343 3329 423 3406 Roy,
445 3341 568 3406 rapport
585 3330 616 3386 Il
640 3349 668 3407 p.
683 3330 742 3389 150
763 3349 792 3388 n.
809 3329 879 3389 247.
980 3391 985 3403 ,

729 3605 860 3666 LXXV.
903 3605 1045 3666 El-lea
1068 3607 1110 3683 (p.
1127 3604 1210 3680 210).

345 3741 452 3801 Vicum
468 3740 592 3803 el·Lehs
615 3760 681 3803 esse
697 3745 852 3821 antiquam
867 3745 990 3803 Zamam
1005 3744 1131 3821 Regiam
1147 3743 1249 3819 opinio
1271 3741 1328 3800 fuit
1342 3741 1533 3814 Wilmannsi‚
1556 3759 1637 3817 quae

302 3862 356 3902 our
377 3863 456 3904 nunc
477 3845 614 3904 videatur
635 3847 791 3906 abicienda
812 3865 878 3907 esse
901 3848 1028 3925 exposui
1051 3864 1143 3922 supra
1164 3865 1193 3923 p.
1212 3842 1274 3904 280
1289 3862 1351 3921 seq.

303 4000 377 4062 sto
399 4003 430 4061 in
451 4002 551 4081 lapide
572 4004 633 4064 alto
655 4025 694 4064 m.
709 4005 791 4078 0‚50,
812 4005 874 4064 lato
888 4004 970 4078 0,70,
992 4004 1048 4064 litt.
1066 4004 1153 4078 0,04;
1176 4021 1238 4079 rep.
1254 4000 1387 4062 el-Lehs
1409 4019 1503 4079 supra
1521 4002 1635 4062 fontem

344 4104 462 4164 aedium
483 4107 590 4184 parieti
610 4107 755 4167 immisso.

660 4243 779 4303 lvnonl
801 4275 807 4288 ·
831 4261 928 4303 rrvms
944 4274 951 4288 ·
966 4244 1110 4303 avovsTr
1128 4273 1134 4288 ·
1151 4259 1274 4303 sacrvm

661 4364 698 4403 ι·
723 4361 905 4406 cassiano·
927 4363 1032 4406 nvro·
1058 4360 1272 4404 inseramus

724 4464 882 4507 nsrrcnn
905 4451 914 4507 l
927 4451 958 4508 ll
971 4451 980 4508 l
993 4451 1002 4508 l
1018 4463 1226 4508 osrrnanra

725 4565 1248 4611 cn·c0nurn1vs·cu·s·c0r·nvsvs

627 4673 638 4712 a
724 4669 1134 4712 sanissimos-asumma

779 4771 1029 4816 conssrvnrr

724 4873 1159 4918 vora·r·n·sonvour

301 4996 460 5072 Exscripsi
483 5015 520 5055 ax
542 5006 665 5074 ectypo,
693 4998 774 5074 quod
800 4997 873 5056 mihi
899 4997 980 5056 misit
1005 4997 1031 5054 Ι.
1051 4996 1211 5067 Poinssot,
1237 4997 1288 5072 qni
1314 4995 1393 5054 edid.
1423 4995 1494 5054 tall.
1517 4996 1635 5058 d’Orcn

300 5098 374 5158 fasc.
391 5099 410 5156 4
431 5119 461 5176 p.
473 5097 534 5158 260
555 5117 584 5158 a.
599 5099 636 5158 91
660 5107 690 5158 et
712 5100 779 5160 dall.
797 5104 857 5159 cn't.
870 5100 915 5160 IV
937 5097 1046 5176 (1883)
1068 5120 1098 5177 p.
1114 5099 1174 5158 239
1197 5105 1227 5158 et
1249 5099 1318 5157 dall.
1335 5100 1426 5174 ἐρίῳ.
1442 5099 1477 5157 cle
1492 5098 1523 5158 la
1539 5098 1634 5160 Gaulo

300 5201 347 5259 111
369 5200 478 5276 (1883)
501 5221 531 5278 p.
546 5201 619 5274 150;
642 5201 681 5260 ad
703 5201 833 5262 eiusdem
856 5201 1024 5279 exemplum
1047 5201 1151 5262 Tissot
1173 5203 1311 5262 troisidne
1331 5210 1455 5278 rapport
1475 5218 1503 5277 p.
1523 5201 1571 5260 10.
