3450 5842
311 519 383 594 tta
883 539 1066 592 uouusau

309 715 462 775 adnotatio
484 734 631 792 nusquam
653 714 843 774 adscribitur.
880 714 977 773 Immo
999 711 1090 771 rerba
1111 729 1146 772 eo
1169 712 1278 771 ducunt
1299 711 1489 788 peculiarem
1506 711 1648 789 quandam

308 836 405 894 nequa
427 837 493 876 cum
515 819 639 895 reliquis
662 817 841 876 officialibus
863 834 1050 875 communem
1072 816 1219 892 originem
1239 815 1385 892 principis
1413 815 1453 874 iis
1478 815 1645 890 significari.

308 918 426 978 Deinde
449 921 500 996 qui
522 921 565 980 ita
586 925 818 995 interpretantur
841 919 960 977 videant
981 935 1140 994 quemnam
1163 917 1329 994 principum
1350 917 1558 976 creandorum
1576 917 1647 975 ordi·

309 1041 376 1080 nam
400 1022 538 1081 efficiant.
578 1020 698 1082 Scilicet
718 1022 761 1080 iia
783 1021 819 1080 de
841 1021 945 1080 schola
966 1021 1117 1098 agentium
1140 1021 1170 1078 in
1192 1020 1281 1080 rebus
1295 1019 1465 1096 principem
1483 1019 1647 1096 acciperent

307 1125 412 1183 vicarii
434 1142 550 1197 omnes,
573 1124 767 1201 proconsules
789 1123 924 1182 Achaiae
946 1132 976 1182 et
997 1122 1128 1196 Africae,
1152 1140 1250 1181 comes
1274 1123 1425 1199 Aegypti,
1449 1122 1548 1180 duces
1570 1123 1648 1199 pleri·

309 1244 382 1302 que;
405 1226 442 1284 de
464 1244 520 1285 suo
544 1235 641 1285 autem
660 1227 758 1285 officio
774 1225 934 1301 proconsul
948 1225 1054 1297 Asiae,
1075 1224 1230 1302 praesides
1246 1241 1359 1298 omnes,
1384 1241 1491 1283 comes
1508 1224 1647 1294 Isauriae,

308 1347 346 1386 ex
368 1327 492 1387 ducibus
515 1337 598 1400 octo,
628 1339 659 1387 ut
680 1329 764 1387 nulla
785 1336 866 1387 certa
886 1327 935 1387 lex
962 1346 1058 1404 usque
1084 1345 1202 1402 quaque
1228 1327 1485 1403 deprehendatur.
1537 1325 1647 1386 Deinde

307 1430 473 1505 praemium
499 1431 580 1506 quod
605 1431 832 1509 subiungitur¹)
861 1429 950 1488 modo
975 1425 1112 1488 ‘adorata
1137 1429 1293 1488 elementia
1320 1429 1485 1506 principali
1514 1447 1582 1487 cum
1607 1431 1647 1487 in·

306 1532 440 1609 signibus
463 1533 525 1590 exit
551 1541 701 1592 transacto
727 1527 871 1604 biennio’,
903 1532 992 1590 modo
1017 1529 1181 1608 ‘completa
1207 1531 1312 1589 militia
1338 1532 1447 1590 adorat
1476 1525 1647 1609 protector'‚

305 1641 406 1710 aperte
429 1634 506 1692 idem
529 1643 590 1705 est,
620 1645 649 1693 et
671 1643 739 1712 apte
763 1636 882 1693 omnino
910 1651 1002 1711 agens
1028 1634 1059 1691 in
1085 1635 1174 1692 rebus
1200 1652 1254 1709 per
1280 1635 1488 1709 principatum
1519 1633 1559 1692 ad
1583 1653 1645 1711 pro·

305 1737 460 1795 tectorium
483 1737 655 1813 dignitatem
679 1737 833 1796 adscendit
860 1736 943 1811 (vide
970 1753 1061 1811 supra
1083 1755 1111 1811 p.
1128 1734 1199 1810 134)
1208 1757 1216 1806 ;
1250 1744 1281 1794 at
1306 1736 1390 1811 prior
1417 1735 1557 1795 formula
1581 1754 1645 1794 con·

305 1839 404 1897 iuncta
427 1839 576 1897 invenitur
597 1859 664 1898 cum
687 1839 821 1916 principe
846 1834 965 1917 ‘agente
988 1838 1018 1896 in
1040 1832 1151 1909 rebus’,
1181 1837 1330 1912 posterior
1351 1857 1422 1896 cum
1444 1838 1585 1915 principe
1603 1835 1645 1896 ‘de

305 1941 409 1998 eodem
437 1935 562 2013 officio',
592 1960 646 2000 nec
673 1950 744 2017 puto
771 1941 930 2018 quisquam
960 1939 1097 2000 admittet
1124 1939 1249 1998 eundem
1275 1939 1421 1998 honorem
1451 1941 1561 1999 haberi
1589 1951 1644 1999 tam

304 2041 434 2118 principi
461 2043 596 2118 proiecto
624 2063 662 2102 ex
689 2044 845 2120 agentibus
875 2043 906 2101 in
936 2043 1025 2102 rebus
1051 2061 1140 2118 quam
1169 2048 1288 2118 sumpto
1321 2059 1360 2100 ex
1388 2042 1643 2102 cohortalinorum

305 2143 408 2219 aliquo
434 2144 529 2202 infimi
557 2145 679 2203 honoris
710 2164 843 2221 corpore.
893 2145 1000 2222 Itaque
1027 2143 1218 2203 statuendum
1246 2151 1292 2201 est
1318 2143 1450 2202 formula
1476 2140 1524 2203 ‘de
1546 2145 1643 2204 eodem

305 2240 416 2304 officio'
438 2246 469 2304 in
483 2244 602 2304 Notitia
618 2247 806 2324 Dignitatum
829 2247 972 2306 relatione
993 2238 1074 2305 facta
1096 2246 1134 2304 ad
1156 2265 1192 2304 ea
1207 2265 1283 2323 quae
1298 2247 1488 2322 praecedunt
1503 2247 1535 2306 id
1549 2249 1641 2324 ipsum

306 2348 467 2424 significari
491 2348 570 2424 quod
593 2349 760 2426 significant
781 2351 872 2409 verba
896 2345 941 2407 ‘de
962 2349 1065 2408 sehola
1087 2349 1237 2426 agentium
1260 2347 1290 2405 in
1312 2345 1415 2407 rebus'
1438 2361 1470 2408 et
1493 2349 1553 2408 hoe
1575 2369 1641 2427 qno·

305 2468 362 2525 que
385 2449 553 2508 addendum
575 2451 612 2509 ad
635 2451 694 2509 alia
716 2451 811 2510 multa
832 2452 1065 2527 perturbationis
1088 2450 1354 2510 etemendationis
1376 2449 1493 2510 indicia
1517 2471 1570 2528 per
1584 2451 1640 2511 No·

305 2551 401 2609 titiam
423 2551 570 2629 dispersa,
593 2553 673 2629 quod
694 2553 824 2612 formula
842 2549 889 2612 ‘dc
912 2553 1017 2612 eodem
1039 2549 1151 2612 officio'
1174 2553 1269 2612 tribus
1292 2552 1367 2612 locis
1390 2553 1452 2611 iam
1475 2556 1640 2614 nonhabet

305 2671 365 2728 quo
386 2663 455 2730 apte
477 2653 632 2713 referatur.

347 2754 414 2813 Hoc
435 2756 568 2815 admisso
590 2753 708 2817 Notitia
727 2758 891 2835 Dignitatis
912 2757 1043 2817 Orientis
1064 2758 1144 2834 quod
1166 2758 1204 2816 ad
1226 2758 1391 2834 principem
1415 2763 1537 2832 attinet,
1559 2760 1640 2838 plane

305 2857 502 2933 aequabiliter
523 2858 662 2917 decurrit.
702 2858 796 2920 Seeus
819 2871 866 2919 est
887 2861 916 2918 in
933 2860 1109 2920 Occidente:
1132 2861 1172 2919 ibi
1195 2861 1271 2918 enim
1287 2861 1483 2936 magistratus
1500 2861 1638 2921 militares

305 2960 539 3036 provinciarum,
562 2961 677 3020 seilicet
698 2963 842 3040 magister
863 2963 995 3038 equitum
1018 2983 1071 3040 per
1094 2959 1227 3035 Gallias,
1254 2964 1379 3022 comites
1404 2981 1527 3036 omnes,
1553 2965 1637 3023 ducas

306 3062 439 3139 exceptis
472 3062 565 3121 tribus
594 3062 815 3122 Pannoniarum
848 3065 974 3124 duarum
1004 3075 1033 3122 et
1059 3063 1252 3140 Valeriael),
1292 3065 1458 3141 principem
1494 3067 1639 3145 accipiunt

305 3183 365 3222 non
388 3183 407 3222 a
432 3164 576 3240 magistro
602 3165 784 3237 officiorum,
820 3167 872 3224 sed
897 3161 944 3226 ‘ex
972 3167 1078 3226 officiis
1104 3167 1316 3244 magistrorum
1344 3167 1474 3226 militum
1504 3188 1638 3246 praesen·

305 3267 424 3338 talium,
455 3283 512 3323 uno
541 3285 619 3324 anno
647 3287 665 3324 a
691 3277 775 3344 parte
803 3268 950 3344 peditum,
981 3267 1040 3326 alio
1067 3287 1085 3326 a
1110 3279 1195 3345 parte
1222 3265 1414 3345 equitum'³).
1469 3270 1561 3330 Hanc
1590 3273 1637 3330 ad-

305 3367 535 3426 ministrationis
558 3370 753 3428 mutationem
775 3379 844 3429 ante
867 3390 892 3428 a.
911 3370 970 3430 398
993 3370 1160 3429 institutam
1182 3388 1250 3430 esse
1276 3371 1341 3429 eius
1367 3373 1439 3431 anni
1466 3375 1637 3433 constitutio

305 3468 491 3544 declaratl),
520 3470 708 3530 coniunctam
731 3473 934 3530 verisimiliter
956 3491 1022 3530 cum
1046 3473 1201 3536 dominatu
1224 3471 1413 3547 Stilichonis;
1443 3495 1508 3534 non
1530 3475 1636 3553 porrigi

305 3588 371 3628 eam
394 3572 432 3629 ad
453 3579 514 3629 tres
536 3571 660 3630 ducatus
683 3573 858 3632 Pannoniae
881 3573 1008 3633 fortasse
1034 3575 1102 3632 inde
1128 3575 1354 3650 explicandum,
1381 3578 1464 3652 quod
1492 3596 1546 3637 aas
1574 3598 1636 3654 par·

305 3681 349 3731 tes
372 3691 408 3730 co
431 3680 564 3750 tempore
588 3672 679 3733 Gothi
703 3677 852 3735 tenebant.
879 3709 920 3718 —
953 3677 1001 3734 Ad
1024 3677 1215 3752 magistratus
1235 3677 1339 3736 civiles
1365 3680 1497 3737 mutatio
1523 3700 1559 3738 ea
1582 3699 1635 3739 non

304 3777 449 3850 pervenit.
485 3776 581 3833 Immo
603 3777 640 3834 de
663 3777 793 3848 vicariis,
816 3779 884 3836 item
908 3779 944 3836 de
966 3779 1141 3855 proconsule
1158 3779 1279 3838 Africae
1301 3781 1414 3838 mansit
1435 3783 1561 3858 antiqua
1581 3783 1634 3852 lex,

303 3888 335 3935 ut
356 3880 519 3956 principem
542 3883 711 3959 acciperent
732 3889 869 3957 agentem
893 3881 922 3936 in
946 3881 1044 3938 rebus.
1081 3881 1130 3938 Ex
1152 3881 1342 3956 praesidibus
1365 3883 1418 3958 qui
1442 3885 1532 3958 primi
1547 3885 1635 3942 nomi-

303 3987 412 4039 nantur
433 3984 608 4043 consulares
631 3984 769 4042 dicuntur
790 3982 926 4059 accipere
948 3983 1111 4059 principem
1135 3979 1180 4041 ‘de
1201 3983 1300 4042 olfieio
1322 3985 1467 4060 praefecti
1491 3985 1633 4060 praetorio

303 4078 432 4154 Italiae',
455 4103 507 4144 eos
530 4087 582 4162 qui
605 4085 760 4162 excipiunt
781 4094 965 4144 correctores
986 4095 1016 4143 et
1031 4085 1186 4161 praesides
1201 4085 1308 4160 reliqui
1329 4082 1379 4145 ‘ex
1396 4086 1504 4146 eodem
1520 4082 1633 4146 officio'.

306 4217 510 4230 —··—-—--——

363 4293 386 4356 ¹)
406 4296 490 4346 Locos
508 4298 605 4347 indicat
623 4298 702 4348 indes
722 4296 823 4350 Seaekii
843 4312 868 4361 p.
883 4297 945 4346 307.

362 4383 386 4448 ²)
407 4389 473 4438 Vide
491 4405 516 4454 p.
532 4389 584 4440 625
604 4406 629 4440 n.
644 4391 669 4440 3.
711 4389 743 4439 Io
763 4390 804 4438 his
822 4389 934 4438 formula
953 4389 1059 4453 antiqua
1077 4388 1194 4438 consulto
1214 4389 1315 4438 ridetur
1334 4395 1433 4440 retenta
1457 4405 1528 4452 esse;
1553 4398 1635 4441 contu

303 4485 394 4542 quarto
414 4481 471 4529 loco
491 4480 534 4543 38,
551 4484 583 4531 ll
608 4483 635 4532 in
655 4481 719 4532 duce
737 4481 857 4546 Belgicae
875 4483 1001 4532 secundae
1020 4485 1143 4533 remansit
1162 4496 1216 4531 non
1241 4481 1319 4530 dnbio
1344 4497 1440 4531 errore.
1486 4483 1554 4534 Nam
1576 4498 1635 4548 quae

303 4570 454 4622 obtinebant
473 4573 627 4638 dereliquit
646 4574 780 4624 ducatibus
800 4573 998 4626 Germaniarum
1018 4581 1043 4624 et
1061 4571 1270 4634 Britanniarum,
1299 4573 1332 4623 ad
1353 4575 1421 4624 hune
1442 4591 1546 4642 quoqne
1564 4576 1634 4640 perti·

302 4665 387 4714 nuerit
405 4679 507 4715 neeesse
527 4673 572 4715 est.

360 4752 384 4818 ¹)
404 4755 512 4808 Brevius
531 4759 618 4822 paullo
639 4759 682 4820 29,
702 4759 716 4806 7
741 4766 766 4807 et
791 4757 918 4824 deinceps.
960 4758 1005 4809 Bia
1027 4760 1070 4822 28,
1090 4759 1132 4809 23.
1157 4759 1201 4820 36,
1223 4759 1238 4806 'i
1262 4757 1341 4808 verba
1365 4760 1498 4823 quaedam
1522 4761 1636 4812 deliciunt

302 4849 445 4912 supplenda
464 4850 570 4900 omnino
590 4851 623 4900 ad
642 4851 756 4914 reliquos
773 4850 853 4913 locos,
874 4867 921 4901 nec
940 4852 1126 4916 corrigendum,
1147 4857 1175 4900 ut
1192 4851 1253 4900 lecit
1271 4849 1404 4902 Seeckius.

359 4936 384 4998 ⁴)
405 4940 434 4990 C.
450 4942 499 4991 Th.
521 4944 545 5004 1,
567 4943 591 5002 7,
611 4941 626 4989 3
651 4941 821 4993 nauatae
842 4943 913 5008 Sept.
934 4945 967 4993 13
992 4945 1026 4994 ad
1050 4943 1219 4996 Stilichonem
1242 4943 1392 5007 magistrum
1419 4945 1545 4996 militum:
1570 4941 1635 4994 Sicut

302 5030 451 5081 clarissimis
470 5033 535 5082 viria
553 5031 682 5083 comitibus
701 5033 857 5084 diuersorum
875 5036 1065 5102 provinciarum
1084 5041 1107 5084 et
1126 5035 1240 5096 limitum,
1267 5036 1305 5085 ita
1324 5042 1347 5085 et
1367 5037 1425 5086 viro
1448 5035 1583 5104 spectabili
1599 5051 1635 5086 co·

302 5123 357 5171 miti
373 5137 420 5188 per
439 5122 555 5189 Africam
568 5126 701 5193 principes
720 5133 744 5177 ct
762 5129 900 5177 numerarii
917 5143 947 5178 ea
967 5127 1050 5194 officio
1069 5129 1229 5194 magisteriae
1250 5129 1385 5194 potestatis
1404 5131 1546 5180 mittantur.
1586 5130 1636 5180 ilat

303 5216 483 5266 constitutione
497 5217 627 5269 ordinatio
641 5217 672 5268 da
685 5234 736 5286 qua
749 5221 849 5284 agimus
864 5221 897 5272 ad
910 5221 1028 5272 Africam
1040 5221 1143 5286 prolata
1156 5227 1194 5271 cst
1212 5221 1312 5271 devicto
1331 5221 1422 5285 paullo
1442 5231 1504 5272 ante
1522 5221 1636 5275 Gildone.
