3518 5828
302 503 373 574 156
874 523 1056 577 uouusnn

301 733 302 736 ¹
376 680 500 798 Ὅρκος
522 688 673 766 Ἀπίων.
697 691 701 796 Ι

298 829 325 874 to
380 801 519 884 'osanna
533 810 587 875 Aia
610 819 721 898 σωτῆρα
742 808 789 875 nai
811 813 882 876 θεον
899 810 1032 901 Kaio-apa
1054 811 1210 885 Σοβαστδν
1231 810 1278 876 nni
1299 813 1350 889 reia
1373 815 1379 900 Ι
1404 807 1523 902 πάτριον
1543 813 1633 897 ἁγνὴν

423 909 566 1001 παρθένον
588 909 728 985 εὐνοήσειν
749 913 823 994 Γαίῳ
846 912 969 1000 Καίσαρι
992 912 1153 1000 {aliae-lapi
1177 911 1224 978 nai
1250 922 1292 998 rap*
1314 911 1458 988 σύμπαντι
1486 911 1550 996 οἴκῳ
1579 915 1631 978 αὖ·

423 1023 488 1087 τοῦ,
513 1010 561 1078 uei
581 1014 684 1095 φίλους
703 1045 734 1078 τε
755 1013 863 1104 κρίνειν,
885 1023 891 1100 Ι
918 1013 966 1083 viic
988 1013 1023 1078 ria
1044 1015 1131 1083 oriris
1151 1023 1331 1105 προαιρῆται,
1356 1011 1405 1080 nai
1425 1016 1559 1103 ἔχθροῦς
1582 1009 1630 1083 eiie

423 1112 458 1177 aiv
485 1114 571 1184 airis
597 1115 849 1204 προβαΙλΙΙληταο.
892 1117 1063 1206 Εὗορκοῦσιν
1089 1113 1137 1192 μὲν
1163 1118 1223 1194 ἡμῖν
1252 1111 1285 1181 ati
1313 1114 1367 1196 εἴη,
1395 1121 1572 1205 {propudiosa
1598 1111 1631 1179 di

422 1215 458 1279 rei
481 1215 610 1303 ἔνανΙτοά.
632 1225 636 1301 Ι

298 1359 324 1400 ²³
383 1329 595 1446 llpcasscorai
619 1334 848 1428 ἐπηγγείλαντο
875 1343 912 1413 ἐκ
939 1342 1003 1413 τῶν
1029 1336 1129 1414 ilina:

599 1456 684 1526 Γαίος
706 1454 826 1548 Oriciproc
847 1457 932 1522 Par'ov
955 1461 1014 1524 vitis
1035 1459 1184 1524 Oiolaaa'a
1206 1458 1344 1544 Kaio-recl

598 1555 776 1648 Ἐρμοφοῖνης
982 1558 983 1562 ¹
1033 1559 1161 1645 ΖωίλουΙ

598 1669 708 1738 Κτῆτος
1030 1659 1221 1752 Πισιστροῖτου
1237 1670 1242 1746 Ι

598 1761 745 1852 Αἷσχρῖων
1028 1760 1237 1846 Καλλιφοῖνους
1254 1772 1259 1848 Ι

298 1887 324 1929 to
594 1862 796 1953 Ἀρτεμίδωρος
1029 1867 1215 1939 satanacam,
1232 1873 1236 1950 Ι

382 1964 477 2034 οἵτινες
498 1962 545 2029 uni
566 1969 635 2053 tinip
656 1973 706 2041 τῆς
728 1965 812 2029 Γαίου
835 1965 978 2056 Knicapoc
996 1963 1156 2037 Σεβαστοῦ
1168 1975 1341 2055 Γερμανικοῦ
1356 1975 1361 2052 Ι
1379 1965 1517 2056 aucupius
1537 1963 1627 2055 εὔξοῖ-

422 2097 494 2137 μενοι
518 2063 560 2130 ad
583 2063 751 2150 sanarunt„
774 2073 845 2151 (sic)
868 2069 983 2132 ἔθυσαν
1004 2073 1046 2151 τῷ
1067 2075 1117 2144 τῆς
1138 2066 1257 2154 nitelae
1278 2067 1398 2146 o’ve‘para.

340 2195 419 2254 Iuris
441 2194 558 2252 iurandi
581 2192 660 2253 Gaio
687 2195 823 2270 praestiti
849 2204 986 2253 auctores
1008 2213 1126 2271 quoquc
1149 2195 1360 2270 meminerunt,
1389 2197 1439 2256 scd
1462 2197 1563 2272 aliqua
1585 2197 1630 2254 di-

297 2297 424 2356 versitas
447 2304 493 2354 est
520 2297 597 2354 inter
626 2295 786 2356 relationes
810 2315 911 2356 eorum
939 2305 968 2353 et
994 2297 1112 2356 tabulas
1140 2315 1231 2374 supra
1258 2299 1380 2358 relatas.
1426 2297 1547 2360 Scilicet
1568 2297 1629 2356 Dio

296 2407 454 2476 postquam
479 2395 537 2456 Gai
563 2415 611 2456 res
638 2407 737 2474 gestas
764 2397 796 2456 in
823 2400 994 2458 universum
1023 2399 1203 2458 adumbrans
1229 2411 1371 2475 quantum
1400 2402 1555 2460 sororibus
1578 2401 1628 2460 de·

297 2501 373 2560 derit
395 2501 550 2577 exposuit,
578 2509 608 2558 ut
634 2509 664 2559 et
689 2500 718 2557 in
742 2507 878 2558 votorum
901 2502 1060 2560 formulam
1083 2501 1284 2577 reciperentur
1307 2515 1336 2560 et
1361 2521 1415 2578 per
1436 2520 1488 2561 eas
1510 2521 1629 2579 quoque

297 2604 445 2660 iuraretur
467 2601 531 2676 (59,
549 2603 582 2660 3:
610 2593 658 2658 uni
680 2595 746 2662 rotie
767 2594 865 2680 ἕρκους
887 2597 954 2662 rode
980 2601 1008 2664 ἒς
1030 2596 1079 2671 τὴν
1101 2595 1198 2685 ἀρχὴν
1220 2598 1310 2661 αὐτοῦ
1330 2593 1466 2685 φέροντας
1490 2594 1539 2660 nai
1560 2592 1631 2685 ὑπὲρ

296 2697 405 2762 ἐκείνων
427 2695 525 2766 desolare
547 2694 734 2780 γίγνεσθαι),
756 2723 826 2761 mox
849 2704 885 2761 ad
901 2706 1065 2764 secundum
1081 2723 1189 2762 annum
1206 2703 1264 2763 Gai
1287 2705 1412 2764 adnotat
1430 2705 1550 2765 solitum
1566 2707 1629 2764 ius·

296 2807 456 2866 iurandum
478 2805 604 2864 excluso
627 2805 750 2863 Tiberio
772 2805 801 2862 in
824 2815 892 2864 acta
907 2807 1038 2886 Augusti
1062 2805 1192 2884 Gaiique
1213 2807 1388 2884 praestitum
1410 2815 1476 2866 esse
1499 2807 1564 2883 (59,
1580 2807 1629 2882 9):

296 2897 356 2991 arpi
377 2895 408 2964 di
432 2900 465 2978 δὴ
488 2908 541 2964 reti
563 2897 740 2982 Avpcticrcu'
757 2908 810 2965 τοῦ
829 2930 858 2964 τε
881 2903 966 2965 Paion
988 2903 1026 2964 roi
1047 2931 1077 2964 rr
1099 2897 1182 2964 ἄλλοι
1200 2900 1294 2991 οἷσπερ
1315 2901 1428 2967 sitium
1449 2898 1497 2966 ani
1518 2899 1561 2966 ἔτι
1582 2897 1630 2966 ani

295 3011 377 3088 σφῶν
403 3003 497 3066 αὐτῶν
526 2997 574 3065 uni
604 3008 657 3066 τῶν
678 2998 778 3065 rixans
800 2998 847 3066 arai
868 3007 969 3066 ἐκεῖνον
989 2998 1036 3066 nai
1063 3003 1116 3069 acis
1142 3003 1277 3086 οἷδελφοὶο
1302 3005 1391 3068 αὐτοῦ
1413 3000 1629 3092 προτομῆσουσιν

295 3097 418 3181 ὤμοσαν.
453 3107 597 3170 Similiter
614 3108 774 3171 Suetonius
796 3109 960 3188 (Gai.15):
983 3113 1018 3190 de
1032 3112 1188 3182 sororibus,
1211 3111 1261 3183 ait,
1283 3121 1382 3172 auctor
1397 3113 1467 3186 Jiait,
1490 3123 1522 3172 at
1540 3117 1629 3172 omni·

293 3216 345 3272 dua
370 3216 555 3272 sacramentis
581 3214 757 3270 adiceretur:
784 3231 873 3288 nequa
898 3231 940 3270 mc
965 3213 1120 3289 liberosque
1147 3231 1221 3271 rasos
1252 3217 1378 3272 cariores
1408 3213 1511 3272 lababo
1542 3233 1627 3290 qaam

298 3315 402 3375 Gaiam
424 3314 511 3372 labeo
533 3325 560 3373 ct
580 3332 692 3372 sorores
714 3317 782 3373 ctae.
820 3316 862 3372 At
883 3331 1013 3386 sorores,
1036 3321 1159 3392 propter
1180 3333 1256 3390 quas
1279 3333 1376 3373 reram
1398 3323 1538 3374 auctores
1553 3317 1628 3376 iuris

293 3416 411 3474 iurandi
433 3415 641 3488 meminerunt,
665 3435 683 3472 a
705 3415 816 3475 tabulis
839 3417 957 3488 absunt,
980 3435 1077 3492 nsque
1092 3435 1151 3474 non
1167 3416 1274 3474 abesse
1296 3425 1448 3492 poterant3
1471 3437 1539 3475 nam
1560 3436 1627 3477 oum

293 3518 432 3577 Tiberius
455 3517 580 3576 obiisset
602 3536 629 3576 a.
645 3516 673 3574 d.
690 3516 785 3575 XVII
806 3519 836 3575 lr.
852 3520 938 3593 Apa,
961 3517 1145 3596 interpositis
1167 3517 1271 3576 diebus
1288 3518 1403 3578 duobus
1426 3527 1456 3576 ot
1477 3519 1626 3595 quinqua-

293 3621 377 3696 ginta
403 3620 433 3678 in
456 3619 565 3696 angulo
587 3619 640 3677 illo
662 3618 838 3678 Lusitaniae
863 3620 1006 3696 oppidani
1033 3621 1070 3678 ad
1094 3631 1308 3678 sacramentum
1336 3621 1394 3679 hoc
1409 3621 1519 3678 ¹adacti
1548 3628 1627 3692 sunt,

292 3721 454 3798 eodemque
476 3721 539 3779 iere
560 3729 707 3796 tempore,
737 3731 816 3779 certe
839 3729 906 3779 anta
928 3723 958 3780 k.
979 3721 1051 3792 Iul,
1079 3739 1146 3779 cum
1168 3721 1307 3779 consules
1329 3721 1471 3798 adscripti
1494 3721 1557 3781 sint
1579 3740 1627 3780 se-

292 3824 411 3882 rnestris
438 3823 563 3900 prioris,
591 3823 680 3881 etiam
703 3823 789 3882 Assii
811 3823 955 3882 iurarunt.
999 3822 1081 3880 Illud
1103 3831 1201 3880 autem
1224 3823 1260 3880 do
1282 3823 1437 3882 sororibus
1459 3815 1626 3883 adiciendis

291 3945 328 3984 eo
349 3925 448 3988 minus
471 3943 525 4000 per
546 3925 657 4000 primos
680 3925 749 3983 novi
771 3925 887 4000 imperii
911 3925 975 3983 dies
998 3943 1017 3982 a
1039 3923 1118 3984 Gaio
1141 3925 1256 3984 institui
1279 3925 1390 3999 potuit,
1419 3925 1499 4000 quod
1522 3933 1626 4004 aperto

290 4027 368 4086 redit
395 4026 432 4084 ad
460 4027 524 4084 eius
552 4026 673 4101 aliquod
696 4025 844 4084 decretum
873 4027 1055 4096 edictumve,
1082 4027 1119 4083 ab
1142 4026 1178 4085 iis
1205 4033 1302 4083 autem
1329 4026 1360 4083 in
1386 4026 1503 4100 imperii
1530 4027 1625 4085 initiis

293 4147 359 4186 eum
383 4128 566 4186 abstinuisse
584 4127 643 4185 Dio
667 4127 731 4203 (59,
748 4127 780 4203 2)
804 4136 908 4185 auctor
929 4137 986 4197 est,
1008 4137 1067 4185 tam
1083 4127 1258 4204 popularem
1277 4145 1345 4185 eum
1366 4129 1500 4187 scribens
1522 4128 1628 4200 fuisse,

292 4223 362 4288 viare
390 4221 459 4300 μήτε
485 4230 529 4305 τῷ
550 4219 628 4304 δήμῳ
651 4221 670 4298 ἢ
691 4230 727 4307 τῇ
747 4252 783 4305 γε
810 4222 909 4307 βουλῇ
936 4218 1058 4311 «γράψαι
1080 4251 1105 4285 το
1127 4219 1198 4298 μήτε
1224 4229 1276 4286 τῶν
1298 4221 1441 4296 ὅνομοῖτων
1463 4230 1518 4286 τοῖν
1541 4225 1628 4314 ἀρχι-

290 4333 349 4389 κοῖν
370 4321 560 4413 προοθέοθαο
583 4353 619 4388 τι.

332 4433 381 4491 Ex
410 4452 446 4490 ea
473 4433 540 4509 ipen
567 4451 598 4488 re
625 4431 699 4489 iuris
728 4432 846 4492 iurandi
874 4431 984 4491 Gaiani
1010 4433 1147 4491 condicio
1174 4442 1204 4490 et
1235 4434 1405 4510 proprietas
1433 4433 1626 4494 descendunt

292 4535 412 4597 Scilicet
435 4541 653 4593 sacramentum
680 4535 711 4591 in
733 4543 801 4592 acta
826 4534 994 4611 principum
1021 4534 1071 4610 qui
1097 4535 1219 4594 luerunt
1244 4537 1368 4611 eiusque
1395 4535 1447 4611 qni
1476 4553 1554 4594 nunc
1580 4545 1626 4594 est

291 4652 321 4698 et
346 4639 375 4694 in
404 4637 472 4713 ipso
498 4635 617 4711 imperii
644 4635 791 4710 principio
814 4643 845 4694 et
866 4635 1025 4711 quotannis
1048 4637 1078 4694 k.
1094 4635 1244 4695 Ianuariis
1271 4645 1409 4696 exactum
1432 4636 1627 4708 militibus,

290 4737 467 4816 praestitum
496 4737 533 4795 ab
562 4735 754 4811 omnibus1),
788 4755 967 4814 quamquam
995 4745 1133 4797 auctores
1166 4758 1225 4797 non
1259 4739 1445 4797 tradiderunt
1474 4739 1626 4814 quomodo

290 4842 428 4900 adactum
451 4839 490 4896 sit
511 4837 644 4913 principe
668 4845 789 4911 mutato,
817 4839 940 4896 dubium
962 4857 1030 4898 esse
1053 4859 1112 4897 non
1134 4851 1236 4916 potest
1257 4841 1405 4899 communi
1427 4841 1492 4898 iure
1515 4859 1626 4899 novum

288 4942 454 5020 prinoipem
476 4939 507 4996 id
522 4939 660 5030 eregisse
682 4940 745 4998 sive
767 4959 820 5015 per
835 4941 963 4999 edictum
987 4941 1103 5019 publice
1126 4942 1312 5018 propositum
1336 4943 1399 5002 sive
1421 4941 1531 5001 litteris
1548 4941 1626 5000 datis

349 5183 372 5246 ¹)
393 5179 552 5237 Staattrecltt
571 5188 586 5237 2
606 5203 631 5252 p.
647 5185 708 5238 768.
