3428 5834
16 567 179 618 rara-rare
234 563 508 616 annrrannnra
528 562 698 614 vor..vnr.
738 562 926 614 araarrsea
954 562 1229 616 annroanoavn.
1289 539 1359 612 649

345 1094 617 1178 mannaan
645 1037 1049 1177 aaaroanonvn.

70 1353 232 1412 Africanus
254 1355 447 1430 reliquiarum
470 1355 626 1413 vetustatis
648 1356 716 1413 fons
737 1363 882 1432 perpetuo
907 1356 1087 1413 scaturriens
1110 1353 1363 1430 quamquam'per

26 1472 140 1531 paucos
156 1473 284 1526 menses,
299 1458 350 1532 qui
367 1458 596 1517 intercesserunt
611 1457 687 1515 inter
703 1458 945 1516 commentarium
961 1458 1227 1514 additamentorum
1243 1456 1364 1513 huiusce

27 1557 165 1615 fasciculi
189 1560 270 1634 typis
287 1559 457 1618 absolutum
481 1569 510 1616 et
525 1559 693 1617 absolutum
710 1561 808 1636 ipsum
828 1559 1011 1630 fasciculum,
1035 1559 1093 1616 alia
1109 1577 1226 1634 quoque
1242 1557 1363 1633 protulit

27 1678 108 1716 nova
130 1677 189 1716 non
212 1661 391 1735 spernenda,
416 1682 504 1719 unum
529 1663 625 1720 solum
648 1663 834 1719 inventorum
858 1680 953 1736 nuper
968 1663 1023 1718 hoc
1038 1661 1104 1718 loco
1128 1669 1214 1718 extra
1228 1659 1363 1716 ordinem

26 1761 118 1818 inseri
141 1761 266 1836 placuit,
296 1781 360 1821 cum
389 1764 427 1821 ad
454 1764 657 1840 quaestionem
687 1781 779 1838 snpra
807 1784 835 1839 p.
854 1761 913 1819 280
941 1771 1096 1820 tractatam
1123 1781 1202 1818 nova
1231 1760 1364 1818 subsidia

27 1862 145 1920 afferat.
178 1864 333 1922 Accedunt
354 1865 498 1940 quaedam
522 1884 599 1941 qnae
622 1882 688 1923 sero
703 1866 832 1923 vidimus
854 1867 883 1922 in
905 1865 981 1940 ipsis
1004 1863 1215 1922 additamentis
1231 1863 1278 1920 vel
1300 1881 1364 1920 cor-

26 1965 153 2040 rigenda
175 1983 242 2024 esse
265 1967 312 2024 vel
335 1967 372 2026 iis
394 1967 556 2026 adicienda.

340 2152 563 2214 svnnrvna
591 2153 703 2230 (aaran
726 2173 816 2230 supra
839 2175 867 2230 p.
885 2152 954 2213 arr.
972 2154 1057 2230 aar).

28 2307 119 2367 1422
143 2309 180 2367 ad
202 2309 315 2386 Eph.V
339 2331 366 2368 n.
387 2311 474 2368 1321.
508 2311 665 2388 Repetitur
687 2311 725 2368 ad
747 2311 878 2369 eiusdem
901 2311 1030 2368 auctoris
1053 2310 1221 2384 exemplum
1245 2310 1312 2367 dall.
1328 2311 1362 2366 de

71 2429 146 2468 corr.
163 2412 245 2484 osric.
265 2431 291 2468 a.
311 2411 388 2471 1884
411 2431 439 2487 p.
457 2415 514 2470 311
540 2423 568 2470 et
591 2415 833 2488 comptae-raudus
849 2415 883 2470 de
898 2412 1002 2470 l'acad.
1017 2412 1079 2468 XII
1102 2431 1128 2468 a.
1145 2411 1223 2469 1884
1246 2431 1273 2486 p.
1292 2410 1361 2482 256,

71 2513 121 2569 ubi
149 2513 226 2590 lapis
250 2514 357 2572 dicitur
380 2515 459 2572 altus
481 2533 549 2573 esse
572 2515 708 2587 m.1,07,
735 2516 813 2572 latus
836 2515 921 2586 0,50,
948 2515 1003 2571 litt.
1025 2515 1096 2584 0,05
1123 2521 1151 2569 et
1178 2512 1363 2570 emendatius

71 2615 199 2672 eduntur
221 2615 306 2674 haec:
333 2618 346 2672 1
365 2633 447 2692 seqq.
472 2632 738 2676 neanuroevsao

524 2735 649 2778 cassam

475 2839 565 2879 trare
589 2837 734 2880 cassania

74 2943 89 2998 1
108 2942 157 2998 fin.
182 2956 204 2997 ο
226 2941 328 2998 littera
349 2941 462 3000 inserta
483 2951 530 3000 est
551 2931 751 3018 praecedenti,
773 2943 844 3000 item
868 2939 951 2999 ann.
976 2957 996 2997 c
1018 2940 1117 2998 littera
1138 2941 1283 2998 elemento
1299 2957 1327 2998 v.

461 3237 577 3295 nana
599 3237 736 3296 aaron
762 3237 943 3314 (njramaa).

26 3373 122 3433 1473
147 3373 301 3448 [Djiamaa
322 3375 351 3432 iu
374 3375 451 3432 valle
474 3376 556 3433 fluvii
573 3373 686 3435 Siliana
707 3376 784 3434 inter
806 3384 880 3451 sept.
905 3384 935 3432 et
951 3375 1094 3432 orientem
1111 3393 1129 3432 a
1144 3381 1242 3432 monte
1257 3373 1365 3448 Djebel

72 3475 254 3533 Massddsch
279 3477 311 3550 [a
327 3479 391 3534 vico
414 3495 500 3552 quem
523 3478 553 3533 in
577 3477 679 3534 tabula
701 3477 769 3536 huic
786 3477 929 3536 fasciculo
946 3477 1062 3534 adiecta
1084 3478 1214 3552 reperies
1230 3473 1310 3534 Gasr
1325 3475 1365 3532 el·

73 3577 176 3633 Hadid
200 3578 290 3636 distat
313 3577 453 3652 Djiamba
475 3579 655 3636 occidentem
685 3597 790 3638 versus
821 3581 889 3638 chil.
918 3575 1046 3654 cssxv]‚
1077 3579 1124 3636 cui
1153 3579 1219 3636 loco
1245 3587 1367 3654 propter

73 3679 299 3736 similitudinem
322 3680 458 3738 vocabuli
481 3681 602 3739 Zamam
626 3683 778 3758 antiquam
801 3682 935 3738 attribuit
956 3682 986 3738 in
1010 3701 1119 3758 mappa
1141 3700 1167 3737 a.
1185 3680 1262 3738 1857
1286 3679 1366 3736 edita

72 3781 182 3838 Tricot
203 3781 239 3838 de
263 3778 367 3840 Sainte
388 3781 497 3852 Maris,
520 3793 549 3840 et
570 3784 619 3840 hic
640 3785 744 3841 titulus
767 3793 883 3858 prostat
904 3789 934 3840 et
956 3784 1069 3840 arcuati
1092 3782 1190 3858 operis
1212 3780 1364 3854 reliquiae,

72 3883 240 3953 columnae,
265 3883 422 3953 cisternae,
445 3883 506 3940 alia
528 3885 620 3942 multa
635 3886 788 3943 Romanae
808 3885 914 3942 aetatis
929 3883 1065 3958 vestigia.
1102 3883 1159 3940 Est
1173 3881 1281 3938 ibidem
1297 3881 1365 3938 fons

73 3984 243 4043 uberrimus
259 3986 336 4043 inter
350 4003 441 4062 rupes
459 3988 641 4044 scaturriens
665 3987 733 4062 (une
755 4005 852 4044 source
873 3986 1043 4054 abondante,
1067 3985 1296 4052 trba-coculam,
1319 4003 1366 4040 ea·

72 4087 170 4144 tcarde
192 4087 226 4144 dc
251 4107 344 4158 mara,
371 4090 440 4146 dont
461 4090 492 4145 la
510 4093 607 4164 partic
629 4089 781 4163 iasdriente
803 4109 821 4146 a
847 4088 890 4145 e'te'
913 4088 1075 4146 recomment
1098 4087 1217 4160 re'pare'e
1239 4105 1298 4160 par
1325 4086 1365 4142 lea

71 4189 245 4263 indipdaea).

518 4395 603 4434 colonia
623 4393 686 4434 AVG
705 4407 712 4420 ·
733 4394 797 4435 ΖΛΜ
817 4409 824 4421 ·
842 4395 887 4435 ma

518 4495 572 4537 iOr
597 4494 735 4536 dEVOTA
767 4496 886 4537 NVltllm'

519 4596 783 4652 maleSTATleE
820 4598 886 4639 elas

628 4700 648 4740 d.
665 4701 685 4740 d.
709 4700 782 4750 Ρη).

17 4839 178 4898 Poinssot
199 4837 359 4915 descripsit
374 4839 412 4895 ad
428 4847 576 4915 ectypum,
598 4839 679 4913 quod
695 4839 776 4895 misit
792 4839 927 4910 Letaille,
950 4849 980 4898 et
995 4857 1108 4898 mecum
1125 4839 1369 4910 communicavit3
1439 4849 1443 4854 “

13 4939 125 5000 edidit
148 4936 251 4996 Hdron
275 4939 311 4998 de
325 4939 485 4998 Villefosse
508 4959 591 4998 reatae
613 4943 732 5015 critique
755 4941 773 4996 4
796 4943 873 5016 Aug.
895 4942 982 5000 1884.

72 5044 85 5098 1
106 5041 158 5097 fin.
182 5049 251 5114 post
266 5049 406 5116 punctum
423 5060 499 5117 quae
515 5043 646 5100 cernitur
661 5041 760 5099 littera
775 5042 870 5100 fracta
885 5055 935 5101 aut
948 5062 973 5101 ra
994 5045 1051 5102 fuit
1071 5055 1121 5102 ant
1136 5063 1163 5102 Α.
1180 5078 1220 5086 -
1244 5043 1370 5121 Supple-

13 5147 67 5204 vit
96 5141 298 5200 Poinssotiue.
324 5177 361 5186 —
384 5143 517 5202 Fuerunt
539 5145 629 5219 igitur
652 5163 720 5202 vere
744 5145 853 5204 Zamae
876 5147 961 5218 duae,
988 5146 1108 5204 colonia
1130 5153 1254 5222 utraque
1276 5165 1372 5221 neque

13 5243 63 5308 ita
93 5243 220 5302 multum
246 5245 341 5304 altera
363 5247 400 5304 ab
423 5247 517 5306 altera
545 5246 673 5318 distans,
704 5266 722 5302 a
744 5245 923 5324 Naraggara
952 5255 1051 5306 autem
1078 5249 1182 5307 ambae
1212 5249 1299 5324 longe
1326 5267 1371 5304 rc-

114 5360 155 5420 V.
1108 5367 1146 5424 42
