3518 5828
327 477 397 548 126
902 494 1081 546 nouusau

327 598 494 608 --—--—

365 670 573 728 Protectorum
596 667 656 724 duo
679 685 788 744 genero
809 666 942 736 luerunt,
971 665 1098 742 Augusti
1122 665 1218 741 ipsius
1241 673 1271 722 et
1291 665 1509 740 praefectorum
1537 673 1654 738 praeto·

323 776 378 829 rio.
421 770 546 827 Illorum
569 769 689 844 plenum
712 785 829 838 nomen,
853 767 933 843 quod
957 771 1088 826 servavit
1109 785 1185 824 unus
1208 765 1312 824 titulus
1334 787 1363 823 n.
1380 768 1409 838 4,
1435 766 1494 823 tuit
1510 774 1656 841 protector

326 874 415 928 diciui
436 871 533 928 lateris
548 871 674 944 Aepusti
694 873 792 938 11001τί,
816 869 872 940 vel,
897 876 928 926 ut
949 869 1133 944 intellegitur
1147 887 1185 925 ox
1208 886 1235 925 n.
1252 867 1279 924 6.
1300 867 1347 936 16,
1370 867 1494 941 Auprtsti
1507 867 1587 925 illius
1603 883 1655 922 no·

326 974 403 1031 mins
425 971 587 1030 enuntiato.
637 972 664 1027 A
688 970 871 1046 protegendo
898 971 992 1026 latere
1014 969 1202 1043 imperatoris
1231 986 1339 1026 nomen
1366 968 1490 1026 sortitos
1515 984 1584 1026 esse
1613 967 1657 1024 ait

326 1075 415 1132 etiam
437 1073 609 1131 constitutio
632 1090 659 1128 a.
675 1071 735 1128 416
759 1069 808 1145 (C.
825 1070 883 1127 Th.
901 1070 928 1139 6,
945 1069 994 1138 24,
1011 1070 1053 1144 9).
1097 1069 1256 1126 Breviatae
1281 1069 1395 1127 formae
1421 1077 1491 1127 sunt
1512 1079 1657 1146 protector

327 1177 426 1234 lateris
449 1177 540 1231 divini
561 1194 590 1231 n.
607 1173 641 1242 8,
659 1182 804 1248 protector
824 1171 948 1246 Aripusti
969 1171 1142 1228 similiterre
1165 1191 1191 1228 n.
1209 1173 1233 1228 1.
1252 1169 1279 1228 2.
1297 1172 1324 1229 3.
1342 1171 1369 1228 6.
1386 1171 1414 1228 9.
1434 1171 1487 1241 17,
1510 1180 1658 1246 protector

327 1279 431 1334 domini
449 1277 542 1332 nostri
563 1293 592 1330 n.
612 1273 658 1330 15.
695 1273 730 1330 In
753 1273 846 1330 titulis
869 1284 936 1329 ante
953 1271 1172 1329 Diocletianum
1196 1272 1317 1348 scriptis
1341 1291 1406 1330 cum
1422 1273 1553 1349 Augusti
1568 1290 1657 1328 voca-

326 1379 428 1436 bulum
451 1377 527 1434 adici
551 1375 656 1444 soleat,
679 1375 844 1448 posteriore
866 1381 962 1430 aetate
985 1390 1132 1448 nusquam
1156 1374 1337 1449 adscriptum
1357 1373 1511 1449 reperitur.
1529 1405 1567 1416 -—
1582 1372 1659 1429 Pro·

328 1483 393 1536 tecit
414 1479 481 1535 loco
504 1475 682 1552 protectoris
699 1475 796 1532 ordini
811 1475 956 1531 honorum
973 1474 1115 1531 insertum
1132 1483 1178 1531 est
1193 1493 1221 1531 n.
1236 1475 1284 1532 43.
1309 1507 1346 1516 -
1370 1475 1543 1532 Protectores
1553 1467 1659 1550 pr(ae·

321 1579 475 1654 sectorum)
495 1576 670 1653 pr(aetorio)
685 1576 858 1633 memoriam
874 1574 1006 1632 servavit
1021 1592 1096 1632 unus
1112 1575 1215 1634 titulus
1233 1594 1262 1632 n.
1278 1576 1323 1632 18.
1347 1608 1386 1618 —
1411 1575 1573 1634 Ducenarii
1588 1594 1659 1651 pro·

328 1690 455 1739 tectores
483 1679 673 1755 appellantur
698 1679 728 1735 in
757 1677 852 1735 titulis
881 1685 1008 1752 septem,
1041 1677 1084 1733 sic
1109 1686 1141 1733 ut
1167 1681 1212 1732 eir
1239 1677 1411 1734 ducenarius
1439 1687 1587 1753 protector
1620 1677 1661 1734 sit

329 1803 358 1840 n.
372 1783 419 1852 14,
442 1782 612 1838 ducenarius
623 1788 767 1854 protector
788 1799 816 1836 n.
831 1781 858 1836 5.
875 1779 925 1849 41,
944 1786 1089 1852 protector
1111 1779 1282 1836 ducenarius
1305 1798 1333 1835 11.
1353 1781 1400 1836 11.
1416 1775 1455 1835 22
1477 1791 1507 1837 01
1527 1779 1659 1836 fortasse

330 1903 357 1942 n.
376 1883 429 1952 39,
458 1884 628 1941 ducenarius
656 1900 688 1939 er
711 1879 916 1956 protectoribus
943 1879 1040 1938 leteris
1067 1879 1253 1936 (1101111118.
1303 1879 1370 1938 Hoc
1397 1899 1516 1956 quoque
1542 1881 1660 1939 addita·

330 1993 459 2043 mentum
482 1984 570 2041 tertio
592 1981 711 2041 saeculo
736 1981 878 2040 usitatum
908 1999 968 2038 non
991 1981 1042 2038 diu
1064 1989 1170 2057 postea
1191 1981 1314 2052 mausit3
1342 1999 1409 2038 nam
1437 1981 1540 2041 titulus
1562 2002 1591 2040 n.
1612 1983 1660 2053 14,

331 2086 382 2161 qui
404 2086 481 2142 inter
501 2085 556 2142 hos
578 2083 799 2142 recentissimus
820 2099 887 2142 esse
903 2083 1027 2152 ridetur,
1050 2083 1179 2159 scriptus
1202 2083 1319 2141 videtur
1332 2083 1494 2158 imperante
1509 2081 1661 2142 Constan-

330 2187 401 2244 tino.
447 2185 590 2243 Ablatum
613 2203 679 2243 esse
703 2184 795 2242 videri
818 2184 1036 2261 protectoribus
1059 2203 1078 2241 a
1100 2181 1278 2242 Constantio
1298 2184 1379 2242 inira
1400 2193 1573 2260 exponetur.

372 2286 561 2344 Protectores
584 2294 652 2344 ante
674 2287 793 2344 tertium
817 2285 966 2343 saeculum
990 2286 1087 2344 nullos
1109 2285 1203 2343 fuisse
1225 2295 1259 2343 ut
1280 2305 1318 2344 ex
1335 2287 1453 2344 silentio
1476 2295 1536 2345 tam
1559 2297 1660 2346 aucto-

330 2407 397 2446 rum
419 2406 507 2463 quam
530 2387 661 2464 lapidum
682 2389 746 2444 iure
769 2387 935 2461 colligitur,
958 2387 1000 2443 ita
1021 2387 1140 2462 quando
1162 2389 1314 2462 coeperint
1335 2388 1366 2444 in
1388 2387 1558 2446 coniectura
1580 2391 1664 2466 posi-

331 2501 394 2549 tum
416 2499 469 2548 est.
514 2487 573 2562 Qui
595 2490 672 2546 vitus
693 2489 904 2562 imperatorum
927 2488 1112 2564 scripserunt
1134 2498 1333 2564 protectorum
1356 2489 1533 2546 mentionem
1549 2488 1664 2548 faciunt

332 2611 398 2650 cum
421 2591 468 2649 ubi
492 2591 590 2668 agitur
612 2590 648 2647 de
671 2587 824 2648 Gordiano
845 2589 942 2666 primo
970 2590 1045 2665 (rita
1066 2591 1224 2648 Maximini
1244 2609 1270 2649 c.
1289 2591 1340 2648 14:
1372 2590 1572 2666 Cartbapiaem
1595 2610 1663 2666 per·

332 2696 407 2750 venit
432 2711 494 2750 eum
517 2711 624 2768 pompa
651 2691 744 2765 repeti
771 2699 798 2748 et
818 2692 1024 2765 protectoribus
1051 2703 1077 2748 et
1094 2692 1227 2765 fascibus
1261 2692 1413 2761 laureatis,
1446 2691 1553 2766 quibus
1586 2711 1665 2768 quae

332 2795 514 2870 respondent
536 2793 616 2866 apud
637 2791 841 2850 Herodianum
869 2792 900 2863 7,
926 2793 959 2862 6,
983 2791 1015 2863 2,
1042 2793 1117 2850 haec
1143 2803 1225 2850 sunt:
1254 2783 1343 2848 risere
1367 2781 1398 2848 δὲ
1425 2787 1505 2868 αὐτῷ
1531 2793 1617 2849 πᾶσα
1646 2791 1664 2860 ἦ

331 2887 470 2964 βασιλικὴ
494 2883 592 2963 11011πῆ
598 2935 607 2960 ,
633 2895 684 2950 τῶν
705 2881 753 2963 μὲν
775 2895 948 2975 στρατιωτῶν
970 2883 1067 2954 οἵτινες
1088 2883 1159 2960 ἦσαν
1181 2891 1239 2949 ἐκεῖ
1256 2883 1304 2950 uni
1327 2895 1381 2950 suiv
1402 2886 1478 2950 uerri
1504 2886 1553 2962 miv
1580 2883 1665 2950 rra'iav

332 2985 549 3076 ἓπιμηκεστὲρων
572 2988 721 3051 νεανῖτκων
742 2991 771 3050 ἐν
793 2985 926 3072 σχήματι
949 2995 1004 3051 τῶν
1025 2989 1101 3050 κατὰ
1123 2989 1172 3064 τήν
1185 2988 1293 3064 Ῥώμην
1316 2971 1478 3076 bcpupc'puv
1497 2985 1665 3076 rrprrdvrwe·

332 3087 365 3153 ai
382 3119 412 3154 τε
433 3085 541 3178 ῥάβδοι
563 3085 793 3176 ἐδαφνηφὸρονν)
817 3101 878 3154 tum
893 3095 1038 3154 Antonini
1056 3092 1159 3154 Severi
1180 3095 1199 3153 f.
1223 3113 1272 3154 res
1294 3104 1465 3154 enarrantes
1488 3093 1612 3168 (Carae.
1629 3096 1665 3154 b:

332 3200 479 3274 naufragii
496 3197 656 3273 pericnlum
677 3197 749 3254 adiit
770 3207 901 3255 antenna
915 3200 1030 3273 fracte,
1057 3201 1098 3254 ita
1119 3206 1150 3254 ut
1171 3202 1202 3254 ia
1223 3197 1361 3273 scapham
1382 3215 1442 3254 crem
1459 3197 1667 3271 protectoribus

334 3301 521 3358 descenderet.
565 3317 590 3358 0.
607 3299 641 3354 71
669 3302 775 3356 cerbus
798 3302 888 3357 estin
910 3300 1000 3356 medio
1023 3302 1120 3356 itinere
1142 3341 1169 3356 ..
1193 3317 1255 3356 cam
1278 3299 1415 3356 leocadae
1434 3302 1545 3357 vesicae
1563 3304 1667 3373 pratia

334 3420 367 3460 ee
389 3419 458 3476 equo
481 3401 666 3458 descendisset
687 3409 771 3474 atque
791 3405 864 3458 inter
882 3409 1052 3474 procederes
1074 3418 1141 3458 suos
1163 3403 1323 3458 coairtratos
1339 3401 1433 3457 caedis
1447 3401 1566 3475 speret).
1607 3399 1669 3460 Sed

334 3503 381 3560 his
403 3500 440 3560 ad
462 3501 668 3576 quaestionem
690 3501 882 3560 decidendam
909 3501 997 3577 periti
1024 3520 1084 3558 non
1110 3509 1242 3572 utentur;
1274 3501 1372 3560 solent
1398 3502 1476 3560 enim
1503 3503 1668 3578 scriptores

334 3603 380 3662 illi
409 3621 481 3661 suae
509 3602 616 3660 aetatis
644 3601 792 3661 coloribus
821 3603 989 3679 antiquiora
1022 3603 1191 3680 depingere.
1245 3602 1364 3662 Titulos
1397 3603 1447 3660 nbi
1478 3603 1669 3679 inspicimus,

335 3723 437 3763 eorum
459 3703 510 3780 qui
533 3711 735 3779 protectorum
758 3713 868 3763 certam
891 3704 1064 3762 memoriam
1087 3701 1355 3780 subministrant¹)
1377 3705 1605 3780 antiquissimus
1621 3713 1670 3762 est

336 3806 430 3864 Tauri
452 3803 545 3880 (11.1)
568 3806 633 3864 cius
655 3806 705 3881 qui
727 3807 824 3865 fasces
847 3806 981 3881 suscepit
1002 3827 1028 3864 a.
1045 3804 1103 3864 261
1129 3817 1158 3864 01
1180 3807 1259 3865 circa
1273 3806 1351 3864 idem
1366 3813 1483 3883 tempus
1498 3807 1669 3882 praelectu-

335 3927 399 3966 ram
422 3907 574 3982 praetorio
595 3907 829 3978 administravit;
852 3907 878 3964 is
901 3926 965 3966 cum
989 3915 1057 3966 ante
1079 3927 1144 3966 eam
1164 3908 1382 3985 praefecturam
1397 3908 1522 3966 alteram
1542 3909 1668 3984 vigilum

336 4008 473 4087 gesserit,
496 4017 564 4067 ante
586 4008 662 4066 hanc
682 4009 820 4067 tribunus
842 4009 1049 4084 praetorianus
1070 4010 1281 4086 protectoriam
1303 4009 1474 4087 dignitatem
1497 4010 1670 4081 obtinuerit,

336 4119 415 4169 recte
436 4109 505 4168 inde
527 4110 673 4169 efficietur
694 4117 878 4186 protectores
901 4110 1053 4168 institutos
1075 4129 1142 4170 esse
1164 4120 1232 4170 ante
1246 4111 1439 4170 Valerianum
1463 4109 1669 4186 (253-260).

336 4211 440 4287 Itaque
462 4216 541 4269 circa
564 4213 716 4270 saeculum
740 4213 857 4270 tertium
880 4212 1008 4270 medium
1031 4231 1050 4268 a
1064 4211 1207 4288 Philippo
1228 4213 1358 4271 sortasse
1379 4212 1427 4269 vel
1449 4211 1578 4270 aDecio
1602 4230 1671 4288 pro-

337 4321 464 4370 tectores
488 4313 617 4371 instituti
639 4319 723 4384 sunt;
746 4313 792 4370 cui
816 4313 906 4370 aetati
925 4320 957 4371 ut
971 4312 1076 4372 caedes
1093 4314 1256 4390 principum
1275 4333 1293 4370 a
1307 4313 1465 4371 comitibus
1481 4319 1671 4389 perpetratae

337 4413 477 4491 propriae
500 4421 582 4484 sunt,
610 4415 653 4472 ita
678 4415 771 4471 divini
799 4415 901 4473 lateris
929 4414 1089 4491 singularis
1116 4415 1253 4473 custodia
1279 4415 1346 4473 fidei
1373 4415 1538 4473 deficientis
1565 4423 1672 4490 aperta

338 4515 489 4573 confessio
512 4515 630 4592 egregie
651 4515 799 4573 convenit.

399 4669 422 4730 ¹)
443 4669 473 4718 In
493 4671 617 4721 laterculo
636 4671 746 4723 militum
765 4674 986 4738 praetorianorum
1007 4689 1030 4724 a.
1046 4675 1097 4723 221
1123 4673 1229 4735 (cvl,
1252 4676 1322 4726 2199
1344 4691 1367 4724 v.
1383 4675 1426 4736 12)
1451 4681 1477 4723 et
1501 4674 1583 4724 altero
1609 4673 1670 4722 anni

339 4761 429 4809 incerti
450 4760 512 4823 (vt,
535 4761 619 4828 2415)
639 4778 705 4828 quac
723 4765 842 4828 leguntur
862 4769 875 4811 7
897 4763 996 4815 Iuliani
1007 4781 1052 4831 pr.
1077 4772 1103 4814 et
1123 4753 1160 4830 [7]
1184 4764 1267 4815 Primi
1280 4782 1323 4832 pr.
1343 4781 1395 4816 non
1414 4772 1483 4816 recte
1502 4767 1612 4815 unxisse
1629 4778 1670 4813 mc

340 4851 374 4900 ad
393 4859 551 4915 protectores
570 4856 669 4904 1110111111
688 4855 850 4906 Bormaunus
869 4858 990 4922 adlegans
1010 4857 1077 4921 quod
1097 4857 1191 4922 legitur
1209 4859 1235 4908 in
1255 4859 1330 4907 titulo
1349 4858 1444 4908 Pisano
1469 4857 1509 4919 (C.
1523 4857 1577 4917 xl,
1599 4855 1669 4904 1435

342 4962 375 4983 --
396 4943 551 5007 (111111529,
573 4946 599 5007 2)
619 4947 669 5010 ipsi
688 4947 758 4997 riso:
778 4945 815 4997 M.
837 4949 901 4998 Aur.
921 4947 1051 4998 lusitanus
1069 4948 1120 4998 mil.
1140 4947 1195 4999 cub.
1209 4947 1275 4998 1111
1288 4965 1330 5015 pr.
1351 4953 1365 4994 7
1386 4947 1463 4999 Flari
1476 4949 1547 5014 prio.
1579 4948 1670 5011 Neque

341 5035 392 5084 ism
412 5035 501 5086 dubito
521 5038 547 5086 111
567 5037 716 5088 cohortibus
736 5039 787 5089 illis
811 5043 974 5090 centuriones
999 5042 1074 5091 binus
1098 5041 1176 5092 luisse
1195 5041 1310 5092 Iulianos
1329 5041 1432 5092 Primos
1450 5040 1544 5091 Floros
1569 5041 1607 5088 ita
1632 5037 1670 5088 di·

341 5128 455 5190 stinctas‚
476 5137 504 5177 ut
523 5130 589 5179 alter
608 5132 679 5193 prior
698 5131 878 5195 appellaretur,
899 5133 964 5182 alter
982 5134 1118 5196 posterior.
