3518 5828
326 473 396 548 152
898 488 1083 544 nouusau

322 668 378 727 bus
400 667 571 726 forensibus
594 675 624 724 et
644 665 792 738 civilibus,
816 663 955 722 nimirum
978 671 1124 739 quatenus
1139 679 1192 722 eae
1207 661 1366 720 militarem
1383 662 1430 720 vel
1445 662 1531 738 quasi
1547 662 1656 723 milita-

320 787 384 828 rem
406 785 526 845 operam
549 777 600 826 aut
622 765 776 843 requirunt
797 773 849 824 aut
871 772 950 825 certe
972 763 1143 837 admittunt,
1163 771 1199 830 ,ut
1220 764 1252 823 iu
1269 782 1388 824 earcere
1408 764 1605 823 custodiendo
1627 773 1657 823 et

317 870 542 947 quaestionibus
565 868 756 940 exercendis,
784 868 816 926 iu
838 867 958 944 negotio
981 867 1147 940 mensorio,
1169 865 1200 923 in
1223 866 1340 924 alendis
1362 865 1552 925 exercitibus.
1595 864 1655 926 Ne·

320 990 378 1048 que
401 989 473 1030 casu
495 971 650 1043 evenisse,
683 969 762 1046 quod
791 967 910 1047 singula
936 967 972 1026 ad
1000 967 1118 1026 civilem
1148 967 1436 1027 administrationem
1463 969 1657 1045 potissimum

319 1075 439 1142 ducunt,
461 1073 531 1130 inde
553 1071 776 1147 comprobatur,
798 1069 879 1148 quod
900 1070 958 1128 hoc
971 1077 1091 1146 sumpto
1112 1069 1311 1148 proprietates
1331 1070 1466 1146 corporis
1489 1069 1554 1130 eius
1576 1080 1657 1130 reete

320 1174 518 1253 explicantur.

364 1277 446 1336 Anni
468 1276 653 1335 evocationis
675 1293 856 1352 quamquam
883 1293 942 1332 uon
968 1293 1038 1332 raro
1060 1292 1127 1333 cum
1150 1275 1238 1333 aunis
1265 1281 1325 1333 tam
1348 1274 1473 1334 militiae
1494 1275 1657 1353 caligarius

320 1397 410 1456 quam
431 1378 655 1436 centurionatus
683 1383 932 1436 connumerantur
960 1384 990 1434 et
1016 1376 1144 1435 diversis
1170 1375 1232 1435 illis
1258 1375 1374 1434 militiis
1400 1377 1522 1436 functus
1549 1375 1657 1438 dieitur

321 1479 498 1540 militavisse
519 1497 614 1538 annos
636 1487 694 1550 tot,
720 1477 935 1554 stipendiorum
958 1477 1133 1536 vocabulum
1155 1477 1287 1555 legitima
1308 1477 1347 1536 ad
1368 1479 1574 1538 evocationem
1597 1499 1655 1538 non

320 1577 487 1659 pertinet¹)
514 1582 626 1658 quique
648 1597 742 1639 anuos
777 1579 961 1638 evocationis
994 1586 1142 1652 numerat,
1171 1587 1224 1637 aut
1250 1579 1294 1638 ait
1319 1591 1473 1639 evocatum
1501 1597 1535 1640 se
1560 1581 1656 1642 tuisse

321 1701 416 1742 annos
438 1679 521 1758 t0t2)
544 1691 595 1741 aut
619 1689 756 1742 numerat
781 1683 925 1757 stipendia
946 1680 1133 1756 avocaticai)
1154 1687 1207 1740 aut
1231 1681 1358 1757 denique
1383 1681 1545 1757 aelorum).
1589 1683 1656 1743 Hoc

323 1804 391 1844 curn
413 1784 621 1856 observabam,
644 1784 742 1843 erravi
763 1784 832 1842 inde
854 1782 884 1840 id
906 1791 1055 1858 repetens,
1076 1783 1156 1860 quod
1177 1782 1280 1842 salarii
1299 1783 1421 1842 verbum
1444 1784 1596 1844 honestius
1619 1786 1658 1843 sit

323 1905 412 1962 quam
435 1885 632 1962 stipendium
662 1905 731 1944 nam
752 1885 918 1944 centurioni
939 1901 1071 1960 quoque,
1094 1884 1145 1959 qui
1168 1891 1293 1942 evocato
1315 1885 1490 1944 honoratior
1512 1895 1573 1958 est,
1595 1907 1656 1946 non

325 1987 436 2047 salaria
458 1987 576 2058 dautur,
599 1987 653 2045 sed
675 1986 824 2064 stipendia
845 1987 961 2045 scilicet
974 1985 1185 2044 centurionica.
1219 1985 1315 2044 Immo
1330 1986 1492 2063 explicatio
1513 1989 1583 2046 iude
1605 2009 1657 2066 pe·

321 2088 411 2148 tenda
436 2096 495 2159 eet,
521 2090 601 2164 quod
624 2088 726 2147 salarii
754 2088 929 2146 vocabulum
956 2088 1012 2146 bae
1038 2095 1117 2147 certe
1142 2096 1240 2147 aetate
1267 2088 1353 2146 civile
1381 2096 1428 2146 est
1454 2098 1487 2148 ut
1515 2092 1659 2166 stipendii

323 2189 462 2262 militare,
485 2199 515 2249 et
536 2200 697 2267 usurpatur
711 2190 774 2248 lere
796 2189 833 2247 de
852 2189 1062 2249 adsessoribus
1083 2197 1114 2248 et
1135 2190 1356 2266 professoribus
1379 2199 1409 2248 et
1430 2191 1564 2251 medicis.
1596 2193 1656 2250 Ita-

324 2310 381 2369 que
405 2299 517 2351 certum
539 2293 569 2351 id
591 2291 733 2350 indicium
755 2301 800 2351 est
822 2300 964 2350 evocatos
985 2299 1018 2350 ut
1038 2291 1103 2350 iure
1125 2291 1243 2364 milites,
1266 2293 1308 2350 ita
1329 2299 1511 2351 reversatus
1533 2309 1603 2353 esse
1624 2295 1656 2354 iu

324 2397 425 2456 officio
448 2415 506 2454 nou
529 2394 660 2454 militari.

366 2497 456 2573 Quod
478 2498 515 2555 de
531 2495 690 2572 stipendiis
705 2495 828 2566 obtinet,
850 2495 980 2554 sortasse
995 2495 1033 2552 ad
1048 2495 1174 2573 caligam
1189 2513 1308 2573 quoque
1324 2497 1469 2572 pervenit.
1492 2495 1572 2558 Sane
1587 2500 1658 2558 cali·

324 2600 385 2678 gati
403 2599 540 2676 gregales
555 2608 640 2668 sunt;
663 2607 694 2656 at
708 2598 809 2655 militia
823 2601 853 2654 ιἰι
867 2599 972 2674 reliqu,
996 2604 1139 2672 quantum
1154 2597 1225 2669 vidi,
1247 2615 1395 2673 nusquam
1411 2601 1575 2674 opponitur
1589 2620 1659 2661 cen·

324 2702 496 2773 turionatui,
519 2699 573 2759 sed
596 2699 654 2758 soli
673 2699 840 2758 evocatioui
850 2699 890 2774 ⁵),
912 2717 1008 2774 oeque
1022 2699 1121 2776 inepte
1137 2705 1284 2758 statuetur
1298 2700 1499 2759 centurionem
1515 2711 1546 2760 et
1559 2702 1657 2778 ipsum

325 2804 423 2880 caliga
444 2821 532 2862 usum
554 2819 633 2873 esse,
656 2809 813 2860 evocatum
835 2801 934 2860 calceo
950 2801 1098 2860 communi
1114 2809 1144 2860 et
1157 2801 1226 2861 inde
1242 2819 1307 2859 eam
1322 2802 1502 2861 locutionem
1517 2803 1657 2863 derivari.

366 2903 475 2980 Neque
497 2904 586 2963 aliam
607 2904 645 2962 ob
669 2920 790 2962 causam
812 2903 920 2978 opinor
941 2909 1077 2975 evocato,
1104 2921 1170 2962 eum
1193 2903 1272 2961 dona
1293 2904 1437 2963 militaria
1458 2905 1580 2983 accipit,
1608 2926 1658 2966 co·

324 3025 401 3068 rona
423 3008 488 3066 sola
510 3006 597 3065 datur
619 3005 661 3082 (p.
681 3005 768 3082 146),
798 3023 859 3064 non
884 3003 1034 3064 adduntur
1055 3022 1133 3081 quae
1155 3004 1194 3064 ob
1215 3023 1278 3064 rem
1300 3006 1439 3065 manibus
1459 3017 1575 3085 gestam
1598 3017 1659 3067 tam

324 3109 439 3186 gregali
462 3127 553 3185 quam
575 3107 742 3166 centurioni
763 3107 828 3165 dari
850 3105 950 3166 solent
971 3115 1095 3184 torques
1118 3107 1254 3166 armillae
1275 3107 1427 3183 phalerae.

367 3209 453 3268 Duce
475 3228 594 3286 quoque
616 3228 668 3268 eur
690 3208 805 3268 evocati
827 3208 991 3281 caruerint,
1018 3207 1050 3266 id
1072 3209 1152 3285 quod
1177 3209 1288 3268 factum
1309 3227 1378 3270 esse
1405 3228 1499 3287 supra
1518 3212 1659 3285 vidimus,

324 3311 386 3369 iarn
407 3311 600 3389 explanatum
622 3317 677 3371 est.

368 3411 507 3490 Denique
533 3431 600 3471 cum
628 3412 712 3490 origo
739 3422 929 3472 evocatorum
956 3431 994 3470 ex
1021 3413 1153 3471 exercitu
1182 3414 1296 3472 urbano
1323 3431 1416 3490 supra
1444 3417 1584 3492 exposita
1610 3419 1660 3489 sit,

327 3531 405 3572 nunc
425 3515 491 3573 eius
512 3515 556 3573 rei
583 3531 675 3572 causa
701 3513 785 3572 reddi
810 3522 917 3591 potest
966 3512 1047 3573 Nam
1074 3533 1140 3573 cum
1168 3522 1265 3574 aetate
1290 3517 1485 3593 imperatoria
1509 3519 1662 3596 permulta

326 3615 447 3692 negotia
469 3633 537 3674 rere
558 3615 670 3674 indolis
692 3616 790 3674 civilis
813 3623 843 3674 et
863 3615 935 3674 olim
957 3635 977 3673 a
997 3615 1117 3692 cingulo
1138 3615 1237 3675 aliena
1258 3636 1311 3694 per
1333 3617 1443 3677 milites
1468 3618 1660 3679 administra·

325 3716 481 3792 rentur⁸),
510 3735 558 3776 rea
581 3718 624 3776 ita
645 3725 810 3793 temperata
835 3725 894 3789 est,
922 3725 954 3775 ut
980 3725 1152 3776 arcerentur
1177 3719 1215 3776 ab
1241 3718 1292 3794 iis
1307 3718 1417 3779 milites
1444 3721 1660 3796 prouincialem

387 3945 410 4008 ¹)
431 3945 505 3998 Duos
524 3949 611 3998 titulos
630 3948 732 4012 repperi
750 3947 780 3998 C.
794 3947 846 4010 VI,
867 3949 937 3998 3411
959 3954 985 3997 et
1002 3948 1037 4010 X,
1058 3947 1128 3998 3417
1158 3947 1240 3997 infimi
1259 3947 1359 3998 ordinis
1377 3955 1512 4016 utrumque
1531 3952 1662 4017 stipendia

329 4038 442 4103 gregalia
461 4047 487 4088 et
506 4041 638 4090 evocativa
657 4039 787 4090 communi
805 4041 991 4105 stipendiorum
1011 4039 1136 4090 vocabulo
1154 4047 1377 4103 connumerantes,
1396 4055 1478 4093 anuos
1501 4045 1662 4095 evocationis

331 4131 374 4194 qui
394 4131 522 4195 stipendia
540 4131 608 4183 nude
627 4133 740 4197 appellet
758 4131 865 4182 nullum.

387 4218 412 4287 ²)
434 4223 463 4274 C.
480 4225 526 4286 VI,
547 4227 627 4275 2440.
649 4225 728 4274 2448.
750 4223 830 4274 2330.
852 4224 931 4274 2725.
970 4221 1051 4274 Orell.
1072 4223 1152 4274 3547.

385 4314 409 4377 ⁸)
430 4316 459 4368 C.
473 4315 526 4378 VI,
554 4317 639 4378 2578,
670 4315 713 4365 ubi
738 4321 902 4382 opponuntur
926 4313 1054 4382 mirerere
1072 4315 1205 4365 militaria.
1254 4314 1400 4367 Brambscb
1421 4319 1487 4368 7172
1512 4317 1661 4386 atip(eudr'a)

326 4403 434 4470 XLVI,
453 4406 598 4469 miliduno)
619 4403 699 4470 XVI,
724 4408 856 4459 curatoria
874 4403 1067 4470 υιιιιιιιιῲιιιιιι)
1087 4405 1162 4468 ΙΙΙΙ,
1187 4409 1319 4458 ιυοσιιιίιια
1337 4405 1396 4470 ΙΙΙ,
1421 4417 1555 4474 praeterea
1575 4419 1661 4462 eentu-

327 4499 435 4549 rionica.
456 4527 489 4536 —
510 4499 647 4564 Stipendia
665 4506 724 4564 post
741 4501 899 4562 missionem,
920 4514 985 4565 quae
1004 4500 1134 4550 contraria
1152 4505 1219 4562 sunt,
1239 4515 1291 4550 nou
1311 4507 1379 4551 recte
1392 4500 1552 4554 Schmidtius
1572 4519 1597 4568 p.
1609 4504 1661 4554 334

328 4588 413 4640 effecit
431 4605 463 4640 ex
483 4590 558 4640 titulo
578 4591 704 4641 Africano
725 4591 755 4642 G.
769 4591 844 4654 VIII,
865 4591 946 4653 2961,
966 4606 1048 4642 annos
1068 4591 1135 4641 vitae
1155 4607 1212 4642 cum
1231 4591 1365 4657 stipendiis
1384 4592 1555 4645 confundens.

387 4679 827 4743 aommmmmmm
1544 4675 1547 4680 ’

390 4771 526 4834 ι)(1.1ῙῙ,
548 4775 627 4823 2440.
666 4775 714 4836 IX,
735 4775 816 4825 usto.
856 4774 1036 4828 orell-1646.
1075 4774 1161 4841 Supra
1179 4775 1253 4842 pb'l
1273 4774 1376 4826 ιι.143.

386 4862 410 4925 ⁶)
431 4864 568 4926 Quaenam
588 4881 619 4915 ea
637 4866 733 4916 luerim
751 4867 801 4918 hoc
826 4863 887 4918 loco
916 4883 963 4933 ego
987 4884 1039 4918 non
1062 4883 1187 4934 exequar;
1217 4869 1262 4918 sed
1287 4859 1348 4931 ipra
1368 4882 1410 4918 res
1435 4868 1515 4934 digua
1537 4877 1576 4920 est
1600 4883 1662 4935 quae

328 4957 464 5021 diligenter
482 4963 616 5019 tractetur,
641 4967 785 5022 exponatur
808 4959 918 5022 seilicet,
950 4961 1061 5025 exempli
1081 4974 1158 5011 causa
1182 4961 1210 5010 in
1229 4975 1257 5010 re
1277 4961 1408 5010 mansoria
1432 4959 1473 5009 vel
1496 4961 1663 5012 frumentaria

330 5049 458 5113 principes
477 5063 542 5114 quoa
561 5049 691 5099 adiutores
710 5050 874 5102 adhibuerint
892 5058 918 5102 et
941 5060 1065 5118 quatenus
1090 5053 1201 5103 militare
1225 5051 1339 5102 officium
1363 5052 1395 5103 ad
1422 5054 1527 5121 negotia
1551 5053 1597 5104 ills
1620 5066 1664 5103 aaa

327 5147 419 5192 natura
437 5155 603 5210 nequaquam
625 5143 763 5196 castrensia
783 5143 934 5197 merelatum
953 5144 995 5195 sit.
1084 5179 1085 5182 κ
