3518 5828
169 1779 740 1896 OBSERVA'IIONIIS
803 1777 1314 1892 EPIGRAPHIOAII.

668 2044 821 2054 ———

217 2261 368 2322 XXXIV.
414 2259 689 2321 OFFIOIALIVM
710 2260 767 2320 ΕΤ
790 2259 974 2319 MILITVM
996 2257 1271 2321 ROMANORVM

392 2400 624 2454 SEPVLGRKTA
644 2399 719 2452 DVO
740 2399 1090 2452 CARTKAGINIKNSIA.

113 2575 262 2652 Epistula
288 2575 462 2634 colonorum
489 2575 583 2634 saltus
607 2573 784 2633 Burunitani
807 2573 845 2632 ad
870 2569 1102 2648 Commodum)
1136 2592 1230 2651 nuper
1255 2577 1285 2631 in
1307 2574 1411 2633 Africa

67 2678 237 2736 eruderate
259 2695 324 2736 eum
346 2677 424 2735 inter
446 2677 506 2734 alia
527 2676 681 2755 complura
699 2692 754 2733 nos
770 2674 921 2734 docuisset
936 2683 1159 2750 procuratorem
1175 2673 1316 2734 Caesarie
1332 2675 1411 2733 Airi-

69 2798 127 2838 cae
150 2786 266 2837 tractus
288 2777 550 2854 Karthaginiensis
576 2787 606 2836 et
628 2776 728 2837 eedem
754 2775 894 2836 hahuisse
914 2775 1102 2853 Karthagine
1128 2785 1157 2836 et
1183 2775 1410 2853 tabularium),

70 2889 189 2939 retecta
215 2897 294 2938 anno
313 2879 389 2939 1881
419 2879 456 2937 ad
478 2880 576 2954 ipsam
598 2878 814 2956 Karthaginem
838 2878 1007 2953 sepulcreta
1029 2878 1087 2936 duo
1110 2878 1174 2937 eius
1196 2878 1336 2936 tabularii
1359 2877 1411 2937 ad·

72 2982 268 3042 ministrandi
290 2981 422 3058 aliquam
444 2981 603 3058 imaginem
619 2982 708 3040 nobis
725 2979 997 3057 suppeditaverunt,
1020 2998 1111 3056 quarn
1126 2981 1181 3039 hoc
1196 2980 1274 3052 loco,
1298 2980 1412 3040 seilicet

75 3085 107 3142 in
128 3083 245 3162 sylloge
266 3081 368 3142 Caroli
387 3081 494 3143 Graux
513 3083 673 3142 memoriae
693 3081 885 3142 honorandae
905 3081 1100 3158 destinata³)‚
1123 3081 1318 3142 enarrandam
1338 3083 1410 3156 mihi

76 3187 204 3262 sumpsi,
226 3184 309 3261 qnod
331 3193 467 3244 vereatur
487 3203 535 3244 ree
557 3186 588 3243 in
611 3192 692 3245 statu
714 3185 837 3261 antiquo
859 3203 926 3242 cum
942 3183 1061 3242 Africae
1082 3183 1173 3243 hodie
1188 3182 1326 3244 Gallicae
1348 3192 1410 3244 turn

84 3283 200 3346 Galliae
221 3287 326 3362 ipsine.
363 3284 443 3345 Nam
465 3286 697 3363 privilegiorum,
720 3287 828 3362 quibus
851 3285 1077 3362 inscriptionum
1092 3284 1267 3344 Latinarum
1290 3305 1410 3345 enarra·

86 3397 163 3446 tores
185 3396 315 3460 utuntur,
337 3406 398 3446 non
420 3387 557 3447 ultimum
579 3389 636 3446 hoc
658 3395 713 3459 eet,
740 3388 820 3463 quod
842 3393 1049 3464 argumentum
1072 3388 1098 3446 si
1120 3387 1200 3463 quod
1222 3397 1358 3461 tractant,
1381 3389 1411 3447 id

91 3487 177 3548 doctis
196 3490 315 3566 quidem
338 3490 475 3548 omnibns
498 3508 654 3549 commune
674 3497 735 3562 est,
764 3489 818 3548 aed
844 3489 921 3549 idern
949 3499 1040 3566 prout
1063 3507 1113 3549 rea
1139 3489 1241 3548 incidit
1267 3490 1336 3549 hnic
1364 3490 1411 3550 vel

98 3587 137 3644 illi
154 3591 257 3650 nationi
279 3591 377 3668 magis
400 3591 552 3668 proprium
574 3599 604 3649 et
625 3591 847 3667 quodammodo
869 3591 1015 3667 patrium3
1044 3609 1140 3667 neque
1164 3592 1305 3650 abhorret
1332 3592 1410 3650 eius·

106 3690 170 3747 modi
186 3691 344 3770 disputatio
367 3690 469 3751 Gallis
496 3694 684 3768 potieaImum
710 3713 729 3750 a
751 3691 902 3752 Germano
928 3694 1077 3752 destinata
1103 3711 1121 3750 a
1148 3693 1292 3751 memoria
1318 3693 1411 3751 hono·

111 3789 181 3849 randa
197 3794 257 3854 eins
279 3795 348 3865 riri,
370 3794 422 3870 qui
443 3813 497 3872 per
519 3794 610 3852 vitam
629 3801 662 3852 ut
676 3795 796 3855 brevem
813 3803 842 3852 et
855 3794 1049 3865 laboriosam,
1072 3794 1114 3853 ita
1128 3793 1232 3852 utilem
1248 3803 1279 3852 et
1293 3793 1411 3869 plenam

115 3893 236 3970 uirumque
257 3895 325 3972 pari
347 3895 490 3972 religione
512 3896 608 3954 tenuit
629 3905 659 3954 et
681 3895 761 3955 cives
784 3913 840 3954 noe
863 3914 928 3956 asse
946 3897 993 3954 sui
1009 3915 1155 3974 quemque
1170 3895 1273 3973 populi
1290 3903 1318 3954 ot
1333 3895 1411 3953 litte·

118 4005 189 4052 ratam
206 3997 415 4056 humanitatem
437 3997 527 4057 nullis
550 3997 767 4057 territoriorum
789 3998 899 4057 finibus
923 3998 1078 4058 contineri.

121 4118 285 4142 ''N——

161 4191 308 4268 ¹)c.v111,
330 4207 428 4258 10570.
471 4207 542 4258 Aere
566 4221 713 4273 expressam
733 4208 869 4274 proposuit
888 4207 997 4260 Carolus
1016 4209 1104 4260 Tissot
1130 4204 1243 4276 Comptes
1265 4206 1358 4258 rendae
1381 4206 1412 4258 de

123 4273 239 4346 theodine
257 4297 301 4348 dea
319 4299 483 4366 inscriptione
501 4305 525 4349 et
544 4297 724 4350 ballea-lettres
745 4301 817 4350 1880
836 4317 862 4365 p.
877 4299 920 4350 86.
958 4302 1200 4365 Interpretationem
1220 4301 1280 4350 dedi
1301 4301 1412 4350 Hermae

123 4372 156 4420 tol
167 4378 206 4432 XV
222 4388 310 4450 (1880)
331 4407 356 4455 p.
371 4391 526 4442 ³85-4ll.
546 4393 701 4442 att-480.

161 4463 275 4531 ²l0010ni
294 4482 328 4531 ad
344 4483 526 4546 imperatorem
544 4484 581 4533 sic
594 4483 709 4534 scribunt
722 4485 747 4546 3,
762 4486 777 4535 9
798 4499 865 4549 seq.:
889 4491 915 4533 at
934 4499 959 4533 ac
978 4480 1069 4534 hadent
1088 4483 1169 4534 littere
1186 4483 1409 4552 proo(arotorum),

124 4566 166 4613 quoe
179 4576 223 4616 tart
237 4573 262 4622 in
282 4570 435 4637 t[ab]alorio
456 4581 497 4624 tao
515 4581 612 4625 tructos
624 4573 877 4643 Karthaqlim'enaair).
907 4577 971 4625 Dixi
986 4575 1017 4625 de
1030 4563 1239 4640 procuratoribus
1252 4577 1293 4627 hia
1307 4579 1336 4628 C.
1345 4579 1412 4628 VIII

124 4650 179 4703 lites,
194 4662 308 4721 mvn·

163 4735 180 4801 Ι1
195 4749 389 4807 Commentarius
408 4758 517 4823 scriptus
536 4759 586 4809 luit
607 4761 758 4810 inserendus
781 4760 895 4826 syllegae
919 4775 995 4825 quarn
1018 4761 1113 4825 egregii
1139 4761 1187 4810 viri
1210 4761 1297 4811 Caroli
1322 4761 1413 4812 Graux

124 4840 512 4900 ¹1lltrinrmrcuramortanobis
536 4852 616 4916 erepti
640 4853 781 4901 memoriae
799 4852 912 4902 Parisini
937 4859 962 4901 et
986 4853 1115 4916 peregrini
1139 4853 1214 4902 amici
1238 4853 1294 4902 eius
1317 4859 1343 4902 et
1368 4853 1413 4903 ad·

15 5001 16 5006 Ἰ
124 4919 219 4986 ”mittes
234 4940 426 4991 dedicaverunt.
460 4942 594 5008 Repetitnr
613 4943 662 4993 hoc
681 4943 739 4994 loco
758 4951 864 5009 propter
883 4945 947 4994 duas
966 4959 1064 5006 causas,
1085 4959 1142 4994 cum
1159 4945 1228 5010 quod
1241 4960 1333 5010 corpus
1349 4945 1413 4995 illud

15 5015 16 5020 ¹
124 5023 224 5078 “timenti
241 5032 350 5084 miseelli
369 5033 404 5082 ad
424 5033 516 5085 horum
537 5035 679 5086 studiorum
700 5036 809 5086 cultores
829 5051 918 5088 omnes
937 5053 990 5087 non
1009 5043 1190 5102 perventurum
1211 5043 1257 5098 est,
1277 5043 1331 5087 tum
1345 5039 1414 5102 quod

122 5112 275 5246 lfdttriptnm
295 5127 509 5178 commentarium
528 5128 608 5178 altero
631 5128 773 5194 aepuloreto
797 5129 927 5196 patefacto
952 5130 1019 5180 tituli
1042 5129 1156 5180 ciusdem
1180 5130 1324 5194 argumenti
1344 5145 1413 5180 com·

119 5210 178 5262 pure
192 5225 354 5270 meruerunt.
