3518 5828
301 508 371 578 128
876 522 1060 574 nonusnu

298 699 462 758 eminentes
476 699 505 755 in
522 697 629 756 militia
642 697 708 768 riri,
732 696 860 755 maxime
875 697 1062 754 centuriones
1086 704 1115 752 ct
1136 696 1246 753 tribuni
1269 696 1462 771 praetoriani,
1484 695 1538 753 sed
1559 695 1631 753 item

297 801 443 878 praefecti
464 799 615 877 legionum
639 798 750 874 aliique
771 797 801 856 in
824 797 961 856 adeundo
983 797 1163 874 imperatore
1185 797 1435 875 protegendoque,
1458 805 1491 854 ιιι
1512 797 1571 874 ipsi
1588 795 1633 852 di-

299 910 378 974 cunt,
402 901 504 960 divino
525 901 619 959 latere
640 900 831 978 praecipuum
854 900 900 958 ius
923 907 953 957 et
967 899 1096 959 officium
1112 899 1245 958 eminens
1267 899 1410 957 haberent
1430 897 1555 974 reliquis
1579 897 1633 955 mi·

298 1003 452 1062 litantibus
474 1003 544 1062 licet
565 1003 596 1061 in
618 1001 768 1079 praetorio
791 1001 981 1077 denegatum,
1005 1009 1034 1059 et
1055 1009 1213 1078 propterea
1233 1000 1413 1078 protectoria
1434 999 1580 1076 dignitate
1601 1007 1635 1056 et

300 1103 449 1182 stipendio
473 1112 560 1162 aucto
583 1103 810 1162 cumularentur.
853 1103 959 1177 Itaque
980 1103 1011 1160 in
1033 1103 1166 1160 exercitu
1188 1102 1241 1160 illo
1263 1101 1514 1174 extraordinario,
1542 1119 1633 1176 quem

300 1207 337 1264 ad
362 1205 478 1265 Gallias
500 1206 721 1282 recuperandas
744 1202 889 1263 Claudius
913 1223 939 1260 a.
956 1203 1015 1263 269
1037 1204 1069 1262 in
1090 1203 1317 1263 Narbonensem
1341 1203 1526 1280 provinciam
1550 1202 1635 1261 misit

300 1308 356 1366 snb
379 1308 452 1366 duce
473 1307 623 1384 praefecto
649 1306 772 1383 vigilum
801 1305 882 1363 urbis
908 1304 1023 1363 Romae
1050 1305 1093 1380 (n.
1117 1305 1165 1381 5),
1198 1315 1277 1364 recte
1306 1313 1376 1381 post
1402 1321 1543 1364 numeros
1572 1323 1635 1362 non

300 1410 396 1468 solum
419 1409 583 1486 praepositi
605 1408 770 1466 honorifica
791 1407 940 1464 mentione
954 1405 1141 1478 'afficiuntun
1163 1407 1300 1466 seditem
1316 1407 1468 1465 ducenarii
1484 1412 1634 1482 protecto·

300 1529 359 1581 res,
381 1511 494 1568 scilicet
515 1511 566 1585 qni
588 1510 619 1567 in
642 1528 676 1567 eo
699 1509 833 1568 exercitu
854 1515 940 1566 erant
961 1508 1135 1584 praesertim
1158 1526 1195 1566 ex
1218 1509 1368 1586 praetorio
1385 1509 1438 1566 viri
1455 1527 1514 1566 non
1529 1506 1635 1578 duces,

301 1611 352 1671 sed
374 1610 556 1687 protectoria
578 1610 722 1687 dignitate
744 1627 835 1685 super
852 1609 982 1684 reliquos
997 1609 1167 1669 eminentes.
1191 1641 1229 1652 -
1253 1609 1417 1668 Praefectis
1432 1618 1531 1667 autem
1546 1627 1634 1685 prae·

301 1713 378 1771 torio
400 1721 433 1772 nt
454 1711 617 1772 consiliarii
640 1723 670 1770 et
683 1712 964 1770 commentarienses
979 1711 1093 1789 proprii
1109 1711 1270 1770 adfuerunt
1284 1709 1476 1785 (staturati
1490 1709 1519 1782 2,
1538 1709 1636 1785 1066)

302 1824 332 1874 et
353 1821 449 1874 aetate
470 1813 633 1890 posteriore
655 1813 764 1872 notarii
785 1813 966 1888 praetoriani
987 1813 1109 1872 fuerunt
1130 1813 1242 1888 pariter
1264 1820 1354 1889 atque
1373 1812 1568 1890 imperatorii,
1591 1812 1637 1869 ita

302 1917 346 1974 illi
370 1934 441 1976 suos
463 1933 583 1992 quoque
598 1921 783 1992 protectores
798 1915 973 1973 habuerunt.
1008 1914 1034 1971 li
1050 1915 1113 1972 sine
1128 1913 1216 1972 dubio
1232 1931 1300 1973 esse
1315 1913 1476 1986 desierunt,
1499 1932 1566 1972 cum
1581 1913 1637 1970 im·

302 2027 424 2095 perante
439 2015 639 2076 Constantino
661 2035 758 2075 rerum
782 2016 953 2074 militarium
976 2015 1195 2074 administratio
1217 2035 1236 2074 a
1254 2015 1414 2094 praelectis
1430 2015 1580 2093 praetorio
1595 2013 1637 2071 ad

302 2119 463 2194 magistros
486 2117 613 2176 militum
636 2118 784 2176 translata
806 2127 860 2176 est¹

345 2218 533 2296 Stipendium
556 2219 774 2296 protectoribus
797 2220 935 2278 omnibus
957 2219 1035 2277 idem
1058 2219 1158 2276 datum
1178 2235 1245 2277 esse
1268 2219 1435 2278 sestertium
1452 2217 1636 2276 ducenorum

303 2321 464 2380 verisimile
486 2329 545 2392 est;
568 2329 647 2380 certe
669 2329 866 2396 protectorem
889 2321 939 2397 qui
955 2319 1094 2397 stipendii
1110 2321 1290 2378 mentionem
1305 2321 1395 2379 faciat
1408 2320 1522 2379 nulium
1539 2318 1638 2377 adhuc

302 2423 470 2483 invenimus
493 2423 551 2481 nisi
573 2423 773 2481 ducenarium.
818 2421 971 2498 Dignitate
994 2441 1053 2480 non
1076 2429 1261 2496 exaequatos
1286 2423 1379 2481 fuisse
1404 2431 1637 2480 consentaneum

303 2537 362 2598 est,
389 2544 455 2584 cum
478 2533 695 2602 protectoratus
718 2523 885 2599 reperiatur
906 2522 995 2582 modo
1017 2523 1054 2580 ad
1076 2523 1219 2582 maiorem
1242 2523 1331 2582 modo
1353 2524 1392 2582 ad
1413 2525 1559 2582 minorem
1581 2523 1639 2579 mi·

303 2627 397 2684 litism
420 2626 591 2698 adiunctus3
618 2635 648 2684 et
669 2645 738 2684 vere
760 2625 949 2684 inveniuntur
970 2633 1154 2700 protectores
1177 2624 1229 2683 alii
1249 2625 1306 2682 viri
1328 2624 1539 2700 perfectissimi
1561 2643 1589 2682 n.
1605 2623 1637 2696 8,

304 2728 355 2786 alii
376 2728 433 2786 viri
456 2728 568 2806 egregii
590 2748 618 2786 n.
638 2728 686 2800 11,
709 2728 781 2786 item
804 2726 922 2785 Taurus
945 2745 973 2784 n.
993 2729 1004 2782 1
1032 2726 1068 2784 ad
1091 2726 1373 2802 perfectissimatum
1395 2745 1449 2804 per
1470 2725 1639 2804 praelectu-

304 2848 367 2888 ram
389 2829 513 2908 vigilom
536 2829 656 2887 demum
678 2837 808 2888 evectus.

349 2930 417 2990 Hoc
439 2938 638 3006 protectorum
662 2929 830 2988 institutum
850 2931 971 3006 qnando
992 2939 1137 2989 mutatum
1160 2930 1208 3002 sit,
1230 2929 1354 2988 inveniri
1378 2947 1438 2988 nun
1459 2935 1559 3006 potest
1579 2928 1641 2987 nisi

309 3032 461 3091 definitum
476 3033 542 3104 erit,
559 3032 709 3108 quomodo
725 3033 762 3090 ab
778 3032 910 3107 antiquis
926 3033 1144 3109 protectoribus
1162 3031 1232 3090 novi
1248 3030 1399 3103 differant3
1421 3030 1642 3107 praecipientes

208 3197 209 3200 Ἴ
308 3135 400 3211 igitur
420 3135 501 3210 quod
525 3133 604 3192 infra
628 3133 880 3193 demonstrabitur
901 3135 957 3192 hos
978 3133 1132 3210 proprium
1156 3150 1264 3210 corpus
1287 3133 1424 3192 effecisse
1446 3151 1465 3189 a
1487 3148 1542 3190 sno
1564 3131 1642 3189 duce

308 3244 420 3294 rectum
446 3236 504 3294 iam
528 3235 698 3306 videamus,
731 3235 849 3310 quando
876 3233 1021 3310 incipiant
1046 3241 1231 3312 protectores
1258 3243 1380 3311 propter
1406 3239 1641 3310 protectoratum

310 3337 462 3412 antiquum
486 3335 618 3395 officium
641 3337 798 3414 deponere,
820 3337 891 3396 item
913 3335 1032 3412 quaudo
1054 3337 1198 3414 incipiant
1218 3343 1418 3413 protectorum
1441 3332 1617 3410 praepositi.

351 3437 440 3496 Prior
462 3438 598 3513 quaestio
620 3437 729 3514 pendet
749 3455 854 3497 rursus
877 3437 1098 3514 quodammodo
1120 3437 1354 3514 agrammatica,
1377 3436 1493 3496 scilicet
1513 3452 1644 3512 praepo·

311 3539 429 3598 sitionis
451 3558 484 3596 eu
505 3557 571 3598 cum
595 3539 818 3598 condicionibus
840 3548 870 3598 et
890 3539 1054 3598 honoribus
1077 3539 1251 3597 coniunctae
1267 3557 1414 3614 quaenam
1436 3539 1482 3596 vis
1504 3538 1553 3596 sit.
1592 3535 1644 3593 Ea

311 3651 410 3699 antem
434 3640 545 3715 duplex
567 3649 622 3699 est.
665 3640 745 3700 Nam
767 3641 818 3698 ubi
841 3641 976 3716 sequitur
996 3640 1122 3714 pluralia
1145 3640 1191 3698 vel
1218 3639 1387 3715 plurativae
1413 3637 1644 3716 significationis

310 3742 498 3814 vocabulum,
520 3748 619 3819 potest
640 3743 683 3799 ita
704 3742 866 3818 significari
888 3761 954 3800 eum
977 3741 1013 3798 de
1035 3759 1096 3816 qno
1118 3742 1216 3818 agitur
1237 3749 1289 3800 aut
1309 3760 1344 3800 eo
1360 3760 1483 3800 numero
1505 3758 1644 3816 compre-

311 3844 401 3902 hendi
428 3855 480 3902 aut
508 3861 543 3902 eo
569 3844 636 3902 loco
664 3843 735 3902 olim
761 3843 863 3901 fuisse.
906 3843 984 3901 Illud
1010 3853 1044 3900 ut
1070 3843 1219 3901 communi
1247 3860 1383 3902 sermone
1411 3843 1523 3902 obtinet
1554 3839 1644 3916 (uam

310 3964 384 4004 unua
408 3965 441 4002 ec
462 3947 572 4016 amicta,
594 3945 668 4003 ulier
690 3963 723 4002 ec
745 3945 905 4004 censoribus
927 3944 1041 4021 optima
1062 3953 1159 4003 aetate
1181 3952 1331 4020 receptum
1352 3945 1435 4021 fuit),
1462 3945 1506 4004 ita
1527 3961 1546 3999 a
1567 3941 1645 4018 legi-

311 4047 384 4105 timo
400 4065 494 4122 eoque
510 4065 598 4122 quem
613 4046 693 4104 tituli
708 4047 808 4105 idonei
824 4053 1050 4122 repraesentant
1064 4047 1217 4118 abborret;
1240 4046 1265 4104 is
1280 4047 1358 4104 enim
1381 4047 1412 4104 in
1428 4042 1575 4104 eiusmodi
1597 4041 1644 4100 lo-

312 4148 480 4206 cutionibus
503 4167 522 4205 a
543 4147 765 4224 praepositione
787 4147 918 4206 abstinet
939 4147 1074 4223 soletque
1095 4146 1134 4204 ad
1155 4147 1351 4223 legionarium
1372 4147 1404 4205 in
1423 4144 1645 4221 antiquioribus

311 4249 409 4307 titulis
432 4249 560 4307 adscribi
583 4251 691 4325 legione
705 4249 769 4319 illu,
793 4257 889 4307 aetate
906 4249 1099 4325 imperatoria
1113 4248 1191 4306 miles
1208 4249 1324 4324 lepionia
1340 4248 1429 4318 illius,
1453 4262 1646 4324 nequaquam

312 4367 383 4408 vero
404 4350 484 4408 miles
507 4369 539 4406 en
562 4351 670 4426 legione
690 4349 753 4408 illa.
789 4349 1006 4424 Excepticnem
1028 4349 1142 4408 faciunt
1163 4350 1242 4408 tituli
1264 4350 1487 4408 classiariorum
1510 4357 1540 4406 et
1560 4346 1647 4422 equi·

313 4461 375 4509 tum
398 4451 604 4527 singularium.
648 4451 682 4507 ln
704 4450 766 4509 illis
789 4449 875 4508 miles
899 4451 1002 4510 chasia
1024 4451 1142 4527 quidem
1165 4452 1272 4510 dicitur
1294 4469 1371 4524 esse,
1397 4468 1466 4509 raro
1487 4468 1520 4507 aa
1541 4449 1646 4519 closae,

239 4631 240 4634 Ἴ
314 4553 366 4612 sed
389 4571 421 4610 aa
441 4555 510 4610 novi
530 4569 604 4610 usus
625 4552 762 4626 requirit,
785 4569 843 4610 non
865 4557 946 4611 navia
973 4549 1025 4625 (0.
1042 4551 1073 4609 X
1094 4571 1124 4628 p.
1143 4551 1251 4628 1131);
1278 4553 1309 4610 in
1331 4553 1379 4611 his
1400 4549 1547 4626 formulae
1568 4567 1648 4624 quae

315 4663 386 4712 sunt
412 4672 445 4710 ec
470 4671 584 4711 nomem
610 4655 732 4728 equitum
764 4653 967 4729 stapulors'um,
1002 4673 1034 4711 er
1066 4671 1180 4711 numero
1209 4653 1412 4728 singularium,
1447 4671 1480 4710 es
1506 4649 1648 4728 equitibus

314 4753 524 4829 singularibus,
551 4773 584 4811 ec
605 4753 798 4830 stupratoribus
820 4762 853 4812 ut
874 4754 1023 4813 veteranis
1051 4752 1101 4829 (0.
1116 4755 1173 4825 VI,
1206 4755 1297 4813 3178.
1321 4752 1411 4813 3216.
1436 4751 1527 4812 3231.
1552 4750 1650 4826 3242)

313 4857 356 4914 ita
382 4855 577 4914 militantibus
606 4855 696 4914 etiarn
724 4865 785 4913 tum
819 4853 869 4930 (0.
886 4855 945 4928 VI,
969 4853 1058 4913 3259.
1083 4853 1173 4914 3294.
1198 4855 1293 4931 3305)
1326 4855 1536 4915 adscribuntur
1562 4852 1648 4912 nulio

314 4955 486 5014 discrimine
518 4957 613 5030 facto,
647 4974 861 5032 saepenumero
894 4968 1049 5032 praeterea
1081 4955 1210 5014 adicitur
1237 4975 1270 5014 ec
1299 4967 1401 5016 tamna.
1445 4957 1529 5014 Idem
1561 4973 1649 5031 prae·

314 5058 473 5134 positionis
496 5075 569 5117 usus
590 5058 721 5116 fortasse
743 5058 779 5115 ad
798 5057 926 5133 collegia
947 5075 1066 5134 quoque
1089 5057 1301 5134 aliquomodo
1324 5058 1469 5134 pervenit,
1494 5064 1528 5115 nt
1550 5074 1584 5114 ea
1605 5066 1649 5113 ta-

315 5159 424 5217 bularia
446 5156 479 5219 C.
498 5159 551 5230 VI,
574 5157 664 5218 9072.
682 5157 880 5230 curtante,
903 5177 935 5216 ec
957 5158 1104 5218 tabellaria
1126 5159 1156 5216 in
1179 5157 1265 5217 titulo
1288 5157 1533 5235 Carthaginiensi
1557 5175 1650 5234 supra
