3450 5842
320 469 393 541 640
895 489 1079 542 nouusuu

322 664 402 722 tulee
423 665 519 724 tribus
548 666 595 722 his
625 666 716 724 officii
743 664 959 742 primatibus¹)
994 665 1089 742 magis
1116 665 1275 723 solvuntur
1301 675 1439 742 propter
1467 665 1573 723 locum
1598 685 1671 741 quen

325 775 426 824 tenent
448 785 537 842 quam
560 775 684 843 propter
706 787 827 844 operam
850 785 939 842 quern
961 767 1145 843 impendunt.
1167 801 1208 810 -
1234 767 1284 825 Ad
1307 769 1368 826 hos
1392 767 1523 826 accedit
1549 777 1674 827 executor

322 869 388 943 ipse
411 868 452 944 (v.
469 869 508 927 48
525 869 611 944 seq.).
636 903 675 912 -
699 867 859 944 Sportulae
882 877 979 926 eutem
1004 869 1046 926 sic
1069 869 1250 942 dividuntur,
1274 879 1306 927 ut
1328 889 1387 946 pro
1415 870 1562 946 simplici
1581 871 1672 929 itinere

322 971 403 1028 facto
425 970 504 1029 intra
533 972 697 1041 civitatem,
727 971 756 1029 in
786 991 844 1047 qua
869 971 1010 1030 iudicium
1038 971 1184 1042 redditur,
1213 971 1341 1047 principi
1373 972 1530 1030 solvatur
1557 973 1671 1048 pretium

323 1072 490 1130 modiorum
520 1073 610 1131 tritici
639 1074 784 1150 quinque,
818 1073 1014 1132 corniculario
1044 1073 1169 1149 pretium
1202 1074 1375 1132 modiorum
1412 1075 1553 1132 duorum
1584 1077 1672 1145 semis,

323 1176 581 1233 commentariensi
609 1177 799 1248 tantundem,
828 1177 979 1235 executori
1007 1175 1173 1234 modiorum
1200 1175 1337 1234 duorum.
1392 1182 1572 1255 Augentur
1602 1196 1674 1254 apor-

323 1276 401 1334 tulae
428 1279 541 1352 pariter
567 1287 656 1353 atque
679 1279 794 1337 itineris
824 1279 922 1356 spatia
949 1287 1101 1348 crescunt,
1130 1285 1162 1336 ut
1189 1296 1241 1352 per
1269 1279 1349 1336 dena
1377 1279 1475 1336 milia
1503 1279 1569 1337 bini
1597 1280 1674 1337 modii

323 1379 466 1455 principi,
499 1380 609 1456 singuli
643 1381 840 1439 corniculario
872 1388 901 1438 et
929 1380 1189 1439 commentariensi
1225 1380 1417 1448 adicientem
1464 1381 1601 1457 denique
1631 1402 1674 1456 pro

324 1480 429 1538 itinere
453 1489 535 1539 trans
559 1501 639 1539 mure
663 1495 803 1558 suscepto
826 1484 966 1560 princeps
989 1489 1105 1540 centum
1127 1482 1241 1539 modios
1264 1483 1414 1558 accipiat,
1448 1483 1515 1541 duo
1544 1485 1674 1560 primates

325 1592 485 1657 sequentes
508 1583 672 1642 dimidium.
720 1585 883 1642 Executori
907 1603 1026 1659 quoque
1053 1583 1149 1642 simile
1176 1593 1370 1662 augmentum
1401 1586 1593 1644 attributum
1619 1605 1674 1645 esse

326 1693 413 1742 aucto
436 1686 539 1744 labore
561 1687 724 1745 verisimile
746 1695 806 1758 est,
835 1687 888 1744 sed
911 1686 941 1744 id
963 1695 1053 1762 caput
1075 1695 1125 1742 aut
1152 1686 1345 1763 neglegenter
1374 1688 1536 1745 omissum
1565 1697 1612 1746 est
1634 1703 1676 1751 aut

327 1786 481 1862 legebatur
514 1789 544 1846 in
577 1789 678 1866 lapide
710 1789 770 1846 alio
803 1788 892 1846 hodie
925 1787 1088 1864 deperdito.
1130 1821 1168 1830 —
1213 1788 1295 1846 Haec
1330 1791 1516 1848 utilissima
1549 1805 1617 1848 sunt
1644 1792 1674 1848 ad

328 1890 528 1963 sportularum
551 1890 612 1947 litis
635 1890 800 1965 primordia
822 1890 1045 1967 cognoscenda3
1073 1889 1169 1948 adhuc
1195 1907 1271 1964 quae
1297 1891 1335 1948 de
1364 1911 1403 1948 ea
1434 1912 1471 1949 re
1503 1892 1672 1951 habebamus

327 1991 548 2049 commodorum
572 1992 692 2068 quidem
715 1993 843 2050 maxime
866 1992 1010 2068 principis
1033 1993 1211 2050 mentionem
1232 1991 1403 2068 iniciunt²)
1432 2004 1467 2051 et
1491 1995 1551 2052 hoc
1567 2014 1670 2072 quoque

327 2101 494 2151 monstrant
515 2095 666 2169 sportulas
688 2093 765 2152 inter
787 2094 905 2152 diversa
932 2094 1104 2152 officialium
1132 2113 1242 2172 genera
1267 2094 1442 2153 distributa
1474 2097 1604 2172 esseil),
1630 2096 1669 2154 sed

328 2203 468 2254 accurata
490 2206 519 2253 et
540 2197 629 2270 plena
650 2196 692 2254 rei
709 2196 816 2254 notitia
831 2197 1075 2269 destituebamur,
1099 2197 1237 2272 quonium
1253 2215 1333 2273 quae
1350 2197 1389 2254 de
1406 2200 1567 2274 sportulis
1583 2211 1670 2276 postes

328 2298 407 2355 latae
430 2305 498 2356 sunt
520 2299 602 2376 leges
625 2299 755 2374 potiores
778 2299 938 2373 perierunt.
984 2296 1072 2371 Quod
1095 2307 1199 2376 posteo
1220 2298 1363 2372 obtinuit,
1390 2308 1426 2356 ιιι
1452 2301 1495 2358 ed
1521 2301 1584 2360 litis
1605 2321 1668 2358 sun·

329 2420 406 2459 mam
430 2401 581 2476 sportulae
604 2409 782 2471 crescerent,
805 2401 935 2476 exempli
959 2418 1049 2458 causa
1072 2409 1104 2458 ut
1126 2400 1164 2458 ad
1187 2409 1303 2459 centum
1329 2401 1457 2460 solidos
1485 2422 1584 2479 usque
1602 2403 1668 2460 dimi-

329 2503 410 2561 dium
434 2505 561 2562 solidum
586 2513 728 2562 executor
749 2503 912 2579 acciperet,
941 2511 1064 2579 propter
1085 2503 1226 2560 maiorem
1251 2521 1401 2561 summam
1434 2506 1596 2582 sportulas
1621 2525 1669 2563 ma·
1715 2487 1719 2536 l

329 2607 406 2665 iores
416 2606 457 2681 ⁴),
479 2606 587 2664 Iuliani
611 2615 743 2682 ternpore
768 2616 893 2682 apparet
914 2605 1045 2663 nondum
1068 2612 1217 2680 receptum
1240 2605 1344 2662 fuisse.

373 2706 569 2767 Scholasticis
599 2709 662 2765 sive
690 2708 844 2765 advocetis
874 2715 904 2764 et
932 2707 1156 2783 exceptoribus,
1184 2706 1253 2764 item
1282 2725 1338 2781 pro
1368 2708 1485 2766 charta
1517 2729 1594 2785 quae
1621 2709 1668 2767 sol·

331 2811 427 2867 venda
450 2819 533 2883 sunt,
561 2811 732 2886 pendente
758 2827 866 2885 genere
895 2809 1035 2880 actionis;
1070 2808 1291 2884 distinguuntur
1317 2809 1399 2866 enim
1434 2811 1499 2869 trie
1525 2813 1668 2888 postulatio
1718 2841 1719 2844 =

331 2913 450 2988 simplex
477 2911 516 2986 (r.
535 2911 573 2971 36
602 2920 631 2969 et
656 2912 787 2971 fortasse
814 2933 841 2970 v.
859 2911 912 2988 42)
940 2913 1004 2970 sire
1027 2910 1183 2987 postulatio
1210 2911 1289 2969 nude
1318 2911 1363 2986 (r.
1380 2911 1456 2989 34);
1496 2915 1667 2972 contrariete

331 3013 373 3090 (v.
390 3013 438 3072 29.
456 3014 504 3071 37.
522 3013 589 3090 43);
623 3014 739 3072 accedit
760 3015 790 3072 in
813 3013 991 3072 scholastico
1019 3012 1137 3088 (causa)
1164 3017 1192 3071 in
1221 3017 1356 3088 urguenti
1383 3034 1465 3090 queue
1485 3017 1616 3091 finienda
1639 3019 1668 3072 s't

331 3116 372 3191 (v.
388 3115 452 3190 31),
474 3117 504 3174 in
526 3125 686 3193 exceptore
708 3124 739 3174 et
760 3117 910 3174 chartario
932 3115 1051 3174 nomine
1075 3133 1164 3173 causo
1180 3116 1294 3188 definita
1315 3114 1358 3188 (v.
1373 3117 1432 3192 31)
1458 3119 1527 3176 sive
1542 3119 1667 3193 definitus
1718 3101 1719 3110 ἵ

331 3222 472 3292 nepotiana
495 3218 537 3294 (v.
556 3219 618 3294 44).

373 3319 612 3379 Postulutionem
636 3319 843 3397 simplicem-⁵)
876 3319 954 3395 quod
982 3320 1024 3376 ita
1051 3319 1185 3378 videmus
1214 3319 1279 3377 ficri
1307 3320 1389 3396 apud
1421 3333 1496 3381 actu
1531 3323 1577 3398 (id
1602 3323 1665 3380 enin
1718 3375 1719 3380 ,

391 3515 416 3578 ¹)
437 3517 561 3568 Similiter
580 3518 717 3566 secundnm
738 3517 819 3580 legem
839 3531 862 3564 a.
877 3517 930 3566 409
951 3516 980 3567 C·
996 3516 1046 3566 Th.
1064 3517 1106 3578 16,
1127 3517 1152 3576 5,
1171 3517 1205 3565 46
1227 3515 1341 3565 officium
1363 3518 1462 3568 iudicis
1493 3519 1532 3580 (id
1554 3529 1590 3570 est
1608 3533 1667 3584 prae·

333 3608 406 3670 sidio)
426 3609 545 3673 plectitur
563 3609 653 3672 viginti
672 3608 744 3657 libris
764 3609 818 3658 auri
834 3609 935 3675 punitis
954 3605 1034 3656 tribus
1048 3605 1208 3674 prirrratt'hus.
1246 3607 1287 3656 Cf.
1308 3605 1375 3658 Cod.
1390 3609 1459 3658 lust.
1479 3615 1504 3672 l,
1526 3611 1571 3673 51,
1586 3614 1608 3661 8.
1633 3613 1665 3669 lt,

263 3679 264 3682 ’
334 3703 377 3764 19,
393 3703 417 3750 e.
440 3703 482 3762 12,
502 3701 545 3761 so,
568 3703 654 3764 ropr.

391 3791 416 3855 2)
437 3793 612 3843 Gothoiredus
631 3793 665 3842 nd
684 3792 714 3842 0.
729 3794 778 3843 Th.
794 3793 819 3854 6,
840 3793 884 3853 28,
901 3793 925 3841 3.

392 3884 415 3946 ³)
435 3886 589 3935 Perturbate
606 3893 665 3934 sunt
679 3885 818 3949 etreliqua
833 3885 920 3934 omnia
934 3887 988 3935 eius
1001 3885 1079 3935 etium
1094 3900 1159 3950 quae
1172 3886 1204 3934 de
1217 3885 1339 3949 sportulis
1353 3886 1436 3936 tradit
1450 3889 1585 3938 Iohannes
1595 3887 1665 3951 Lydus

333 3980 365 4026 de
385 3993 452 4042 meg.
473 3979 502 4041 3,
523 3979 565 4028 24.
612 3978 759 4029 Secundum
778 3992 835 4026 eum
856 3979 967 4040 pertinet
989 3978 1022 4027 ed
1042 3978 1183 4041 principem
1207 3967 1285 4038 ἡτῶν
1305 3976 1451 4046 μονομιρῧν
1472 3976 1592 4050 ἕντυχιὸι·
1610 3977 1665 4026 elee-

333 4058 408 4137 yeyn',
430 4071 521 4134 quibus
541 4086 573 4118 ex
593 4070 713 4134 sportulis
733 4070 901 4119 corniculario
921 4071 1027 4134 singulis
1047 4069 1177 4118 mensibus
1197 4070 1309 4133 singulas
1329 4071 1387 4119 auri
1405 4071 1492 4121 libras
1512 4074 1600 4132 solvit,
1618 4072 1664 4119 itera

333 4163 439 4227 reliquis
459 4163 612 4210 officialibus
632 4161 723 4225 quibus
743 4162 768 4210 iu
789 4177 832 4210 eas
852 4163 891 4211 ius
910 4168 948 4210 est
971 4169 1056 4226 partes
1080 4176 1139 4210 suas
1163 4161 1251 4210 tribuit
1275 4158 1349 4220 (πᾶσι
1369 4165 1424 4219 τοίς
1453 4161 1480 4212 ix
1503 4153 1597 4229 τίξιος
1617 4147 1665 4210 ml

335 4243 469 4319 συνήθειαν
488 4242 649 4320 λαμβάνουσι
667 4241 756 4321 μοῒροῖν
774 4269 828 4301 τινα
846 4251 892 4302 τῶν
911 4241 990 4318 πέριιν
1011 4287 1035 4303 ..
1058 4240 1205 4302 delivered
1226 4241 1356 4316 eluditur)-
1396 4255 1578 4306 cornicularii
1596 4261 1665 4306 cutm

334 4355 373 4396 est
392 4334 453 4412 μετοῖ
471 4333 514 4406 erle
534 4343 558 4394 lx
577 4341 620 4394 roi
639 4343 746 4411 βαθμοῦ
765 4342 805 4394 καὶ
823 4343 869 4395 cliv
888 4335 975 4395 ἄλλων
994 4341 1084 4411 κερδῶν
1097 4339 1232 4413 προνομίαν
1250 4335 1280 4394 ri
1297 4343 1409 4414 πληροῦν
1422 4344 1464 4396 δι’
1483 4343 1577 4404 οἰκείας
1589 4339 1665 4406 decens

335 4427 459 4506 perrierus
477 4425 509 4486 rui
527 4425 692 4504 rporrdpeva,
714 4438 782 4487 unde
801 4439 916 4503 redigere
936 4439 1002 4488 solet
1021 4437 1092 4487 mille
1111 4437 1190 4488 libras
1209 4439 1264 4487 suri
1283 4453 1393 4488 annuas.
1428 4441 1502 4490 Haec
1521 4442 1630 4490 namne
1646 4447 1666 4486 ιι

335 4531 521 4581 distributionis
541 4531 713 4595 sportularum
734 4531 801 4579 inter
819 4531 942 4580 officiales
962 4531 1075 4594 aliquam
1096 4531 1214 4580 notitiem
1234 4531 1389 4595 suppeditet,
1410 4533 1450 4582 ite
1463 4548 1480 4582 a
1493 4541 1583 4584 nostro
1597 4533 1665 4582 edicto

335 4640 387 4674 non
408 4630 522 4687 tempore
542 4623 636 4685 solum,
660 4621 705 4671 sed
725 4637 752 4671 re
772 4637 873 4687 qnoque
897 4621 1029 4682 abhorret;
1054 4629 1152 4686 spectat
1171 4623 1239 4671 enim
1259 4623 1292 4672 ad
1317 4622 1435 4673 officium
1462 4627 1587 4690 praelecti
1608 4637 1666 4690 prae

334 4717 402 4765 torio
422 4723 447 4764 et
467 4715 499 4764 ad
519 4713 655 4764 commode
674 4729 726 4763 non
745 4714 829 4764 litium
848 4715 911 4776 sola,
932 4715 977 4764 sed
997 4715 1048 4763 alin
1068 4729 1169 4778 quoque
1190 4715 1298 4764 diverse

393 4807 418 4870 ⁴)
439 4808 598 4872 Theophilus
618 4809 677 4856 inst·
692 4807 716 4866 4,
739 4805 763 4868 6,
785 4807 829 4856 24.

393 4899 416 4961 ⁵)
438 4899 580 4949 Postulatio
599 4899 704 4966 simplex
727 4899 820 4963 legitur
842 4899 920 4948 etiam
947 4899 975 4947 in
995 4899 1177 4950 coustinrtione
1200 4899 1288 4951 Seueri
1314 4898 1394 4958 (Cod.
1408 4901 1476 4951 lust.
1494 4903 1519 4963 3,
1534 4904 1560 4962 9,
1577 4903 1613 4963 1):
1635 4912 1667 4946 m

336 4993 362 5040 in
381 4991 501 5040 iudicium
520 4990 628 5040 deducta
647 5007 695 5040 non
714 4989 822 5052 videtur,
849 4992 874 5040 si
892 4997 986 5054 tantum
1002 4991 1143 5059 postulatio
1167 4990 1273 5057 simplet
1297 4989 1428 5042 celebrata
1454 4995 1489 5044 sit
1513 4995 1554 5044 cel
1576 4991 1667 5042 mooun

336 5083 431 5147 species
451 5089 507 5130 unte
526 5081 646 5132 inclinium
665 5099 707 5133 reo
728 5084 838 5150 coquito.
878 5084 943 5132 inter
963 5083 1029 5134 litem
1048 5085 1110 5134 enim
1130 5089 1291 5134 contestatam
1316 5091 1340 5133 ct
1364 5083 1462 5136 editam
1488 5089 1605 5137 actiones
1617 5097 1665 5150 per·

335 5172 435 5224 mrtltnm
460 5173 575 5224 interest.-
604 5173 644 5226 Iex
666 5177 729 5226 enim
754 5182 812 5230 tunc
839 5174 939 5226 uidetur
966 5183 1116 5238 contestata,
1147 5193 1200 5227 oum
1222 5174 1298 5226 iudex
1316 5191 1368 5244 per
1392 5181 1567 5232 narrationem
1588 5173 1668 5242 oryoll
