3518 5828
322 474 395 547 136
905 491 1090 546 nouusau

318 685 375 726 nus
396 671 548 743 ingenuus,
576 674 607 724 ut
629 665 694 742 ipse
721 665 764 724 ait
794 665 858 741 (19,
879 665 907 739 8,
929 665 977 742 6),
1007 675 1095 726 nutus
1121 685 1146 725 c.
1167 685 1194 724 a.
1211 666 1271 726 330
1298 673 1450 744 protector
1476 665 1658 726 domesticus

321 766 386 844 (15,
403 769 432 840 5,
448 767 502 844 22)
524 787 577 845 per
599 787 625 825 a.
643 767 810 826 353-357
835 767 934 826 officia
955 767 1074 845 publica
1095 775 1237 826 executus
1261 777 1315 826 est.

365 868 450 943 Quos
473 887 566 945 supra
588 867 726 945 adlegavi
747 869 863 926 nobiles
886 876 957 927 sunt
979 869 1103 944 originis
1124 867 1289 928 Romanae.
1338 869 1408 926 Pari
1438 869 1527 926 modo
1556 869 1659 927 alieni·

323 990 425 1048 genus,
449 969 616 1030 Germanos
639 969 767 1028 maxime
789 970 908 1028 lubente
932 969 1054 1029 soeculo
1077 970 1212 1028 militium
1233 970 1398 1028 Romanam
1422 971 1591 1047 suscepisse
1613 972 1661 1028 in-

326 1073 402 1150 signi
426 1071 563 1146 exemplo
586 1071 719 1128 declarat
745 1071 848 1129 titulus
872 1071 1067 1130 Treverensis
1090 1089 1118 1128 n.
1137 1072 1184 1129 35.
1234 1071 1265 1130 Is
1291 1071 1370 1130 enim
1399 1072 1504 1148 quinto
1529 1071 1660 1130 sortasse

324 1174 454 1244 saeculo,
478 1183 555 1232 certe
578 1191 637 1230 non
660 1179 729 1230 unte
744 1159 883 1248 quartum
906 1174 1023 1250 positus
1046 1181 1092 1230 est
1108 1172 1291 1231 adulescenti
1314 1191 1352 1230 ex
1374 1181 1461 1250 gente
1482 1172 1659 1250 regiaBnr·

323 1277 504 1352 gundionum
531 1269 696 1348 oriundo¹)
725 1271 879 1347 Hariullo,
907 1275 956 1351 qui
980 1261 1136 1332 defunctus
1158 1285 1204 1333 est
1226 1281 1376 1352 protector
1397 1273 1579 1332 domesticus
1605 1293 1657 1330 su-

324 1397 396 1436 num
418 1395 510 1453 agens
532 1375 706 1434 vicesimum
728 1375 866 1452 primum.
903 1375 989 1432 Multi
1012 1377 1077 1434 sine
1099 1375 1188 1434 dubio
1211 1395 1249 1434 ex
1268 1374 1428 1435 Germanis
1444 1376 1474 1434 in
1489 1361 1521 1433 re
1536 1375 1658 1452 publica

325 1477 463 1536 Romanu
484 1497 586 1535 eorum
613 1485 779 1552 temporum
803 1494 935 1535 summos
957 1478 1085 1535 honores
1112 1477 1257 1536 militares
1280 1477 1431 1536 adsecutis
1454 1475 1544 1534 simili
1568 1475 1658 1534 modo

326 1598 380 1655 per
401 1587 632 1657 protectoratum
656 1595 776 1636 cursum
799 1579 947 1636 honorum
968 1578 1098 1655 ingressi
1119 1587 1197 1636 sunt.

368 1679 436 1738 Hoc
461 1679 551 1738 modo
580 1679 616 1736 ud
644 1686 877 1754 protestaretum
905 1681 999 1738 evecti
1026 1698 1092 1738 cum
1118 1680 1176 1737 ism
1200 1679 1404 1738 Valentiniani
1430 1679 1495 1756 lege
1523 1679 1577 1736 ills
1603 1699 1660 1755 pro

325 1782 391 1840 loeo
413 1783 638 1858 quinquagenos
666 1781 778 1839 solidos
805 1782 921 1839 solvere
948 1782 1119 1840 iuberentur
1144 1781 1362 1858 protectoribus
1389 1781 1538 1839 veteranis
1566 1783 1661 1858 gratis

326 1881 488 1958 cresunt),
516 1891 747 1940 consentaneum
774 1891 820 1941 est
842 1891 974 1959 tempore
1000 1884 1178 1960 procedente
1207 1892 1366 1941 veteranos
1397 1891 1580 1959 protectores
1606 1902 1660 1940 ex-

326 1986 455 2043 olevisse
488 1993 518 2042 et
550 1992 781 2059 protectoratum
816 1985 950 2042 venalem
985 1984 1096 2043 fuctum
1129 2004 1188 2043 non
1223 1993 1283 2042 tam
1316 1983 1470 2042 nobilitate
1502 1992 1531 2042 et
1563 1985 1662 2060 gratia

326 2086 426 2162 parari
448 2104 537 2161 quarn
567 2087 702 2161 pecunia.
750 2085 811 2143 Res
832 2102 891 2160 quo
919 2087 1086 2161 pervenerit
1112 2086 1233 2144 saeculo
1260 2093 1359 2156 sexto,
1389 2085 1500 2144 diserte
1527 2085 1662 2162 explicat

327 2187 494 2262 Procopius
520 2186 590 2244 hist.
614 2204 673 2242 arc.
697 2185 750 2244 24:
782 2177 833 2242 sisi
854 2175 885 2242 δὲ
907 2177 954 2243 καὶ
975 2177 1058 2269 ἕτεροι
1084 2189 1136 2244 τῶν
1163 2185 1190 2243 ἔν
1216 2194 1347 2261 noterio
1376 2187 1476 2262 πολλῷ
1502 2176 1661 2268 ἀξιώτεροι,

328 2279 387 2345 ἐπεὶ
410 2277 456 2344 καὶ
480 2279 564 2343 πλείω
587 2279 616 2344 sd
640 2277 772 2355 δημᾶαιον
795 2282 889 2349 αὐτοῖς
910 2290 1047 2372 χορηγεῖν
1074 2283 1191 2354 εἴωθεν,
1217 2279 1268 2344 (ἴτε
1295 2277 1342 2343 καὶ
1370 2279 1453 2358 ιιεῖζω
1474 2283 1662 2346 κατατιθιῗτι

327 2391 380 2446 τοῦ
401 2390 451 2456 τῆς
473 2381 622 2468 στρατείας
643 2379 780 2457 ἔνι’ματος
806 2382 843 2444 τα
873 2380 1030 2458 τιμήματα,
1057 2378 1080 2446 οῗ
1106 2383 1140 2458 δὴ
1169 2378 1328 2458 duplicemus
1349 2411 1380 2445 τε
1405 2377 1453 2444 και
1478 2378 1663 2472 προτιὶιιτορις

328 2489 527 2548 ἐπικαλοῦνται
554 2479 601 2546 καὶ
631 2479 776 2546 α’νὲκαὸεν
806 2479 973 2560 ἅμιλὲτητοῖ
996 2489 1048 2547 εἴτι
1073 2481 1213 2558 πολεμῖιιιν
1244 2481 1350 2571 ἔργων·
1382 2480 1497 2570 τάξεως
1525 2482 1584 2570 γὰρ
1614 2479 1664 2546 aa}

328 2584 481 2671 προσώπου
504 2580 584 2648 ἕνεκα
606 2581 688 2656 μα’νον
710 2588 738 2646 ἒν
758 2583 888 2666 παλατῖῳ
915 2582 1042 2648 εἷαῖθατι
1068 2581 1300 2668 καταλέγεσθαι.
1348 2592 1385 2648 Id
1411 2611 1476 2648 cum
1505 2610 1523 2647 a
1550 2592 1661 2650 culum·

329 2694 445 2752 nistore
472 2693 641 2768 proseratur
663 2693 732 2750 licet
757 2712 816 2751 non
843 2711 898 2770 pro
926 2693 1075 2770 vituperio
1104 2693 1316 2770 (iustinianum
1343 2695 1419 2751 enim
1447 2710 1506 2750 non
1532 2693 1571 2750 ob
1596 2713 1662 2752 cor·

331 2804 448 2872 ruptam
471 2795 605 2852 militiam
629 2793 832 2870 reprehendit,
867 2793 918 2852 sed
941 2795 979 2852 ob
1004 2793 1105 2852 debita
1127 2793 1271 2854 militibus
1292 2794 1352 2852 illis
1382 2793 1530 2870 stipendis
1557 2795 1663 2854 fraude

330 2895 525 2972 intercepta),
561 2914 663 2954 verum
696 2912 764 2952 esse
796 2895 880 2970 ipsae
917 2895 999 2972 leges
1034 2895 1194 2954 declarant.
1252 2895 1300 2953 Itu
1331 2895 1466 2954 lustinus
1502 2895 1665 2972 imperator

332 2996 383 3072 (Ο.
400 2998 473 3055 lust.
491 2995 519 3068 2,
543 2997 571 3069 7,
594 2994 643 3068 25,
667 2995 699 3070 3)
723 2997 859 3054 beneficii
883 3015 972 3055 causa
993 2997 1059 3055 fisci
1081 3001 1214 3072 patronis
1235 2996 1282 3056 ius
1303 2997 1407 3055 tribuit
1428 2997 1556 3072 singulis
1577 3000 1664 3057 annis

331 3097 516 3174 singulorum
540 3098 769 3156 domesticorum
796 3099 930 3174 equitum
957 3099 1147 3175 peditumque
1173 3099 1436 3170 nominandorum,
1464 3109 1496 3157 ut
1522 3117 1577 3174 pro
1603 3099 1663 3158 ein-

331 3201 410 3278 gulis
432 3199 503 3257 bins
525 3198 689 3257 solidorum
712 3199 794 3256 milis
815 3194 962 3274 ‘nihilque
984 3195 1125 3276 ampliue’
1148 3199 1305 3259 comitibus
1329 3219 1431 3260 eorum
1454 3200 1633 3275 dependent

374 3299 560 3376 Stipendium
585 3300 743 3374 protectori
766 3301 858 3359 multo
881 3301 993 3376 largius
1015 3301 1115 3360 dutum
1139 3319 1311 3377 essequam
1327 3302 1469 3360 militibus
1485 3301 1609 3377 reliquis
1625 3322 1664 3360 ex

334 3421 425 3477 supra
447 3401 533 3472 dictis
555 3401 703 3478 colligitur
725 3409 754 3460 et
776 3422 814 3460 ex
836 3403 904 3478 ipsa
927 3421 958 3460 re
985 3404 1058 3461 setis
1081 3411 1170 3478 patet.
1207 3405 1372 3478 Antiquum
1396 3402 1578 3479 stipendium
1601 3422 1664 3462 ses-

331 3493 450 3562 tertium
483 3502 663 3560 ducenorum
690 3510 719 3560 et
746 3503 843 3580 ipsum
871 3504 996 3562 fortasse
1024 3504 1207 3579 aliquamdiu
1234 3505 1351 3562 duravit
1378 3513 1410 3562 ut
1436 3503 1544 3561 durare
1568 3506 1664 3580 potuit

333 3626 366 3664 re
387 3603 555 3663 nummaria
576 3611 639 3661 tota
661 3612 786 3675 mutata,
814 3605 926 3664 scilicet
947 3607 977 3662 in
1000 3605 1152 3682 diguitatis
1175 3605 1349 3664 vocabulum
1372 3623 1558 3664 conversum.
1605 3605 1665 3664 Diu

333 3716 434 3766 tumen
456 3726 493 3764 ne
515 3705 569 3762 boc
591 3705 711 3780 quidem
735 3706 861 3778 mansit3
884 3725 952 3764 num
975 3707 1139 3782 posteriore
1161 3715 1259 3766 aetate
1281 3715 1465 3782 protectores
1489 3706 1664 3766 ducenario·

332 3829 397 3868 rum
421 3808 567 3866 vocabulo
590 3807 718 3884 amplius
740 3826 798 3865 non
818 3816 948 3866 utuntur.
986 3809 1021 3867 Id
1037 3808 1113 3867 redit
1128 3809 1235 3884 opinor
1250 3809 1288 3865 ad
1304 3808 1518 3866 institutionem
1536 3808 1664 3867 fortasse

334 3907 504 3970 Constantii
528 3909 648 3968 scholae
671 3909 821 3987 agentium
844 3909 874 3966 in
889 3911 987 3983 rebus,
1011 3910 1056 3968 cui
1079 3919 1109 3968 et
1123 3927 1194 3986 pare
1210 3910 1375 3968 officiorum
1392 3909 1503 3967 tradita
1517 3919 1566 3968 est
1579 3919 1667 3968 entes

395 4128 417 4191 ¹)
438 4129 544 4196 Regalis
564 4130 646 4195 peritia
666 4127 880 4195 Burgundionum,
901 4131 928 4179 id
948 4129 1018 4195 quod
1036 4131 1062 4179 in
1083 4129 1157 4180 titulo
1175 4129 1278 4194 legitur,
1298 4129 1437 4194 respondet
1455 4129 1519 4179 locis
1536 4130 1667 4180 Ammiani

336 4223 384 4284 16,
411 4225 456 4283 12,
484 4224 517 4271 23
536 4236 603 4286 seq:
632 4219 769 4271 ductabant
787 4221 897 4288 populos
920 4220 1102 4282 (Alamannos)
1131 4218 1318 4271 Cdrrodumcrus
1340 4227 1364 4271 et
1387 4218 1495 4287 Serapio
1519 4221 1669 4272 excelsiores

336 4320 393 4364 unte
412 4313 478 4363 alios
497 4328 567 4378 repes
591 4347 618 4361 ..
643 4310 688 4362 bos
712 4311 875 4379 sequebantur
893 4320 1020 4380 potestate
1038 4314 1152 4380 proximi
1173 4329 1244 4378 repes
1267 4327 1366 4362 numero
1390 4313 1497 4378 quinque
1519 4313 1667 4379 regalesque

335 4405 415 4456 decem
435 4411 458 4453 et
477 4405 619 4470 optimatum
639 4405 717 4454 serica
735 4421 827 4470 magna
848 4412 1046 4471 armatorumque
1070 4405 1142 4454 milia
1167 4405 1274 4470 triqinlu
1292 4411 1316 4454 et
1339 4404 1445 4470 quinque
1474 4404 1603 4465 (similiter
1625 4407 1667 4466 17,

335 4499 377 4557 12,
393 4495 422 4544 9:
445 4493 533 4544 Zizais
545 4495 618 4544 etiam
633 4503 681 4545 tum
694 4496 798 4561 repulia.
830 4499 871 4556 18,
887 4499 911 4556 2,
929 4498 975 4546 13:
996 4512 1067 4562 reyes
1086 4512 1167 4545 omues
1186 4504 1210 4545 et
1228 4495 1328 4561 requies
1340 4502 1365 4544 et
1377 4495 1484 4560 repulus.
1518 4498 1562 4556 27,
1580 4499 1666 4556 10,1:

335 4586 493 4636 Alaunonuus
515 4586 612 4652 regulis
631 4585 721 4636 Raude
745 4588 856 4648 nomine5
883 4588 916 4638 cf.
938 4590 980 4649 17,
1004 4589 1046 4648 13,
1067 4586 1121 4648 24).
1165 4589 1286 4652 Explicat
1309 4586 1462 4636 vocabulum
1485 4588 1668 4651 grammaticus

335 4679 368 4728 de
388 4677 539 4727 differentiis
554 4678 623 4742 upud
637 4680 771 4742 Hegenum
791 4680 881 4729 anecd.
896 4679 995 4729 Helvet.
1016 4695 1040 4743 p.
1053 4679 1119 4730 277:
1139 4681 1204 4729 inter
1222 4695 1304 4744 regem
1322 4685 1346 4728 et
1364 4677 1472 4743 regalem
1493 4676 1540 4728 boc
1559 4679 1668 4738 sistereat,

336 4767 403 4834 quod
420 4769 505 4834 regius
519 4783 586 4834 puer
604 4775 642 4818 est
657 4759 784 4834 ‘regalis’,
807 4760 867 4819 ‘res'
890 4771 934 4836 qui
951 4771 1017 4835 repit
1035 4786 1138 4836 regnum
1156 4771 1203 4834 (sic
1222 4771 1290 4820 euim
1311 4769 1389 4818 verbe
1408 4769 1518 4833 legenda
1538 4778 1563 4819 et
1580 4771 1670 4820 distin-

337 4860 441 4924 guenda
469 4875 524 4909 csse
553 4869 660 4924 apparet
683 4861 714 4910 ab
744 4862 842 4911 editore
865 4877 956 4926 parum
980 4861 1127 4922 intellecta).
1176 4863 1216 4912 cf.
1237 4863 1323 4912 Waltz
1351 4859 1467 4911 deutsche
1491 4858 1669 4928 Veglnasungs·

336 4949 477 5016 geschichte
498 4949 528 5000 1³
551 4967 576 5014 p.
592 4953 653 5002 305.

394 5041 418 5103 ²)
439 5042 516 5092 Redit
535 5043 617 5104 idem,
642 5059 699 5092 cum
718 5051 876 5108 protectores
896 5046 929 5094 ad
949 5045 1062 5096 officium
1082 5052 1278 5109 promoventur:
1304 5046 1432 5095 veteranis
1452 5045 1529 5096 detur
1548 5047 1669 5106 immune,

336 5149 352 5183 a
370 5136 497 5198 promotis
515 5135 599 5200 gratis
620 5135 647 5198 (ii
667 5136 735 5186 enim
755 5143 843 5202 aperte
862 5137 1054 5202 intelleguntur)
1074 5138 1205 5203 sportulae
1226 5139 1364 5203 exiguntur
1384 5137 1424 5198 (0.
1439 5138 1490 5188 Tb.
1506 5137 1532 5200 7,
1554 5139 1597 5198 20,
1619 5137 1671 5198 1³).
