3450 5842
233 1754 308 1866 OB
317 1754 752 1870 subintrabas
790 1755 1268 1871 EPIGRAPHIOAE.

675 2011 828 2019 ———-

252 2180 408 2239 XXXIX.
452 2178 664 2242 PRINCEPS
688 2178 849 2240 OFFlOlI
869 2179 1013 2242 AGENS
1037 2181 1084 2241 IN
1106 2181 1248 2243 REBVS.

126 2354 253 2413 Iacobus
276 2353 489 2426 Gothofredus,
511 2357 563 2431 qui
582 2355 710 2414 labentis
733 2355 774 2412 rei
798 2355 933 2432 publicae
956 2355 1109 2416 Romanae
1130 2357 1266 2416 notitiam
1287 2356 1330 2414 ita
1351 2357 1417 2414 lun·

85 2455 182 2526 davit,
210 2465 242 2513 ut
264 2457 350 2515 nobis
373 2459 510 2516 omnibus
533 2458 630 2516 adhuc
657 2459 697 2514 sit
723 2474 857 2516 summus
882 2458 1037 2536 magister,
1067 2476 1144 2534 quae
1170 2457 1206 2515 de
1232 2457 1416 2534 principibus

83 2558 252 2617 officiorum
275 2561 415 2634 exposuit
425 2560 454 2636 1)
477 2561 514 2618 ab
532 2579 568 2619 eo
583 2560 652 2617 inde
668 2569 800 2635 tempore
818 2569 850 2618 ut
865 2559 926 2617 alia
940 2560 1082 2637 pleraque
1097 2561 1127 2618 in
1144 2559 1317 2620 enchiridiis
1332 2579 1417 2636 repe·

83 2667 196 2719 tantur.
242 2657 302 2719 Sed
325 2661 370 2719 vel
393 2662 506 2738 optimo
528 2663 602 2720 duce
624 2661 784 2738 adsumpto
806 2661 921 2738 passim
944 2663 1038 2720 errari
1059 2663 1116 2722 hoc
1137 2680 1256 2739 quoque
1278 2663 1432 2744 exemplov

84 2763 292 2836 confirmatur,
320 2782 415 2839 neque
438 2781 486 2822 res
508 2764 631 2840 indigua
656 2773 703 2822 eat
730 2782 807 2840 quae
834 2763 1005 2840 diligentius
1032 2764 1252 2835 consideratum
1281 2763 1311 2822 id
1337 2765 1417 2824 enim

85 2866 167 2940 quod
189 2865 397 2924 difficillimum
420 2866 476 2924 fuit
497 2867 572 2924 tanti
593 2865 709 2942 imperii
733 2865 1020 2924 administrationem
1042 2867 1079 2924 ab
1102 2885 1162 2925 una
1184 2866 1255 2925 sede
1274 2865 1418 2924 contineri

84 2977 117 3025 et
138 2968 209 3043 regi,
232 2968 296 3026 eius
319 2969 362 3026 rei
385 2984 444 3026 non
466 2967 589 3025 minima
610 2985 680 3043 pars
703 2968 759 3026 fuit
780 2968 947 3045 principum
969 2969 1137 3027 institutum
1160 2968 1230 3027 licet
1251 2969 1289 3026 ad
1305 2968 1418 3027 officia·

83 3069 130 3126 les
153 3070 236 3128 solos
258 3069 420 3146 pertinens.
457 3068 535 3128 Nam
559 3071 638 3145 quod
660 3088 738 3128 nunc
761 3087 833 3128 usus
855 3071 987 3129 ostendit
1008 3072 1097 3129 rebus
1120 3071 1258 3146 gerendis
1274 3089 1334 3128 non
1349 3089 1418 3128 raro

83 3171 183 3248 magis
205 3189 346 3248 praeesse
369 3173 420 3247 qui
442 3172 664 3247 magistratibus
690 3191 796 3247 parere
821 3173 958 3230 dicuntur
987 3191 1076 3248 quam
1103 3174 1186 3250 ipsos
1214 3172 1418 3250 magistratus,

83 3274 117 3332 id
139 3273 217 3350 apud
239 3272 393 3331 Romanos
416 3291 536 3350 quoque
559 3274 700 3344 obtinuit3
723 3274 800 3331 inter
822 3275 968 3333 officiales
991 3285 1089 3334 autem
1112 3275 1201 3352 longe
1223 3275 1351 3350 primum
1373 3275 1418 3332 lo·

85 3376 327 3452 comprincipes
350 3375 518 3434 officiorum
541 3384 706 3434 tenuerunt.

130 3478 357 3536 Administratio
380 3477 498 3553 imperii
524 3477 716 3536 Diocletiana
738 3497 803 3536 cum
831 3480 861 3536 in
888 3478 956 3538 aliis
982 3478 1176 3554 aequabiliter
1202 3479 1340 3537 instituta
1363 3479 1420 3538 suit

84 3588 117 3636 et
142 3579 181 3636 ad
208 3579 331 3638 eandem
359 3579 486 3637 formam
513 3589 633 3651 exacta,
663 3589 724 3638 tum
752 3581 929 3657 quicumque
957 3581 1120 3640 secundum
1148 3600 1213 3639 eam
1241 3590 1293 3640 aut
1318 3581 1420 3640 civilia

84 3681 204 3757 negotia
228 3681 453 3752 administrant,
483 3682 543 3740 sive
565 3701 619 3757 per
640 3693 740 3759 partes
764 3683 894 3758 imperii,
918 3683 1033 3740 scilicet
1055 3683 1197 3758 praefecti
1219 3682 1368 3759 praetorio
1391 3691 1421 3740 et

84 3783 202 3840 urbium
226 3783 348 3841 duarum
371 3784 536 3860 regiarum,
563 3785 627 3842 sive
648 3803 702 3861 per
723 3784 888 3856 dioeceses,
912 3785 1028 3844 scilicet
1049 3785 1169 3855 vicarii,
1192 3785 1255 3842 sive
1277 3803 1330 3859 per
1352 3803 1420 3859 pro-

85 3885 216 3955 vincias,
244 3885 356 3942 scilieet
384 3885 580 3960 proconsules
608 3886 837 3963 praesidesque,
866 3895 918 3944 aut
943 3895 1086 3962 praesunt
1110 3887 1200 3944 rebus
1229 3885 1419 3957 militaribus,

86 3986 202 4044 scilicet
224 4005 276 4062 per
297 3987 406 4065 gradus
428 3988 562 4063 magistri
586 3988 727 4058 militum,
755 3988 892 4058 comites,
920 3987 1027 4058 duces,
1054 3987 1112 4045 hoc
1134 4004 1290 4046 commune
1312 3987 1421 4044 habent

85 4089 230 4160 universi,
252 4099 284 4146 ut
306 4089 434 4167 singulis
458 4089 680 4166 magistratibus
702 4090 752 4165 qui
776 4089 957 4148 attribuatur
979 4089 1126 4148 officiales
1149 4095 1288 4165 regantur
1307 4107 1326 4146 a
1340 4089 1420 4164 prin·
1493 4152 1494 4155 Ἴ

86 4192 153 4266 cipe
186 4187 295 4265 unol).
341 4188 455 4249 Contra
477 4193 659 4268 reliquorum
685 4192 914 4268 magistratuum
943 4191 1054 4264 officia,
1081 4191 1218 4267 magistri
1244 4190 1420 4263 officiorum,

85 4293 229 4351 comitum
252 4310 405 4351 sacrarum
428 4294 620 4371 largitionum
643 4304 672 4352 et
690 4314 786 4352 rerum
802 4295 997 4371 privatarum,
1020 4293 1162 4351 comitum
1179 4293 1421 4364 domesticorum,

85 4395 252 4473 principem
275 4413 335 4452 non
357 4395 476 4454 habent.
520 4396 665 4473 Princeps
689 4397 737 4454 ille
760 4395 838 4454 unde
861 4396 960 4454 veniat
981 4404 1050 4454 eta
1078 4413 1137 4472 quo
1171 4395 1369 4454 constituatur
1395 4395 1422 4453 si

85 4497 219 4572 quaeris,
242 4496 313 4571 quid
335 4497 372 4554 de
394 4517 429 4556 ea
449 4516 481 4555 re
504 4497 706 4574 disposuerint
722 4498 929 4558 Diocletianus
952 4499 1063 4574 quique
1084 4517 1151 4556 eum
1171 4497 1308 4575 proxime
1327 4497 1423 4556 secuti

86 4609 166 4670 sunt,
188 4599 378 4676 ignoramus,
401 4599 460 4656 nisi
482 4599 561 4675 quod
584 4601 753 4674 praesidum
777 4601 856 4676 parti
877 4599 1040 4677 principem
1063 4600 1185 4659 missum
1207 4617 1276 4658 esse
1298 4619 1316 4657 a
1336 4617 1422 4676 prae·

85 4701 166 4759 lecto
198 4701 280 4759 urbis
299 4699 415 4759 Romae
448 4711 477 4758 et
509 4706 673 4778 imperante
704 4699 903 4760 Constantino
937 4713 967 4760 et
997 4719 1101 4761 rursus
1134 4704 1188 4762 sub
1211 4701 1422 4761 Valentiniano

149 4939 170 5000 ¹)
191 4941 345 4994 Praesertim
364 4946 398 4993 ad
418 4943 447 4994 C.
462 4945 512 4995 Th.
533 4946 558 5007 8,
577 4945 603 5006 4,
624 4945 666 4994 10.
713 4946 779 4995 Eum
805 4953 944 5010 sequuntur
969 4952 994 4996 et
1018 4947 1062 4996 alii
1086 4953 1111 4996 et
1135 4945 1423 5010 Bethmann·llollweg

89 5029 260 5098 Cinilprocesa
279 5037 381 5098 3‚143.

147 5122 171 5186 ²)
191 5126 264 5176 Mero
284 5129 376 5178 calami
395 5143 478 5178 errore
498 5130 619 5193 magistro
639 5129 751 5181 militnm
769 5146 814 5195 per
833 5130 964 5182 Orientem
983 5131 1055 5180 alteri
1074 5131 1184 5181 adscribi
1209 5131 1334 5195 principes
1358 5129 1423 5180 duos

83 5217 149 5269 Not.
164 5217 209 5268 Or.
224 5219 249 5282 6,
265 5221 298 5269 72
319 5227 392 5271 extra
411 5219 516 5272 dubium
535 5229 580 5272 est.
