3518 5828
438 559 741 614 oasnuvsstonss
758 557 1047 612 nerannrmcsu.
1338 533 1407 608 129

71 756 101 811 p.
121 735 191 807 113,
214 734 354 793 videntur
375 751 441 792 esse
463 752 523 792 non
546 733 598 808 qui
617 752 653 791 eo
672 732 738 789 loeo
761 732 888 802 inerunt,
912 730 965 789 sed
985 731 1037 806 qni
1060 749 1161 790 eorum
1184 749 1306 790 numero
1329 749 1410 789 com-

72 835 308 913 prehenduntur.
325 869 363 878 -
386 837 428 892 At
450 834 612 894 castrensis
635 851 708 892 usus
730 833 963 910 praepositionis
987 831 1126 891 diversus
1148 842 1204 904 est,
1227 833 1409 909 significans,

74 947 109 996 nt
130 938 204 1008 dixi,
227 957 262 996 eo
278 936 367 994 modo
382 935 512 995 officium
535 944 717 994 mansuetum
734 943 764 992 et
778 933 959 1010 depositum.
992 933 1182 1008 Praepositio
1204 933 1248 990 ita
1271 943 1412 1008 usurpata

74 1058 142 1097 cnm
165 1059 184 1097 a
205 1042 370 1097 vetustiore
392 1055 528 1096 sermone
550 1037 709 1096 abhorreat
730 1055 785 1095 nec
806 1035 973 1112 reperiatur
994 1035 1024 1092 in
1039 1035 1172 1094 melioris
1188 1036 1294 1093 aetatis
1310 1053 1412 1095 monu-

76 1141 195 1210 mentis,
217 1139 380 1198 invaluisse
402 1138 519 1198 videtur
542 1138 663 1197 saeculo
687 1138 816 1197 secundo
836 1155 875 1196 ex
895 1135 1048 1194 laterculis
1064 1135 1224 1211 milituml)
1246 1147 1413 1214 propagata

77 1243 110 1298 in
133 1241 233 1299 titulos
255 1259 357 1298 eorum
380 1248 408 1298 et
430 1247 536 1316 quarto
559 1239 682 1298 saeculo
704 1258 770 1297 cum
793 1238 859 1296 aliis
879 1237 989 1313 plebeii
1011 1237 1157 1296 sermonis
1180 1239 1412 1314 proprietatibus

79 1343 119 1399 ad
147 1352 284 1400 auctores
311 1359 431 1417 quoque
460 1342 618 1400 transiisse
643 1340 736 1412 tales,
769 1339 873 1415 quales
906 1345 976 1397 sunt
1007 1338 1218 1414 imperatorum
1252 1339 1303 1414 qui
1336 1340 1413 1398 uitas

78 1444 265 1520 scripserunt
286 1451 316 1500 et
338 1444 526 1502 Ammianus.
575 1440 708 1500 Omnino
731 1459 807 1516 quae
834 1451 903 1498 sunt
929 1458 962 1498 ee
988 1443 1160 1510 cennerione,
1188 1459 1221 1497 ea
1246 1441 1358 1498 consule
1385 1449 1415 1499 et

80 1549 126 1602 sic
149 1563 238 1619 porro
261 1545 331 1602 licet
352 1545 580 1621 grammaticum
603 1541 770 1613 offendant,
797 1543 999 1608 brevitateet
1025 1542 1238 1618 perspicuitate
1265 1561 1414 1600 commen·

80 1646 203 1715 dantur3
237 1665 306 1704 nnm
333 1663 410 1721 quae
436 1645 561 1720 requirit
588 1662 663 1720 pura
689 1643 791 1718 lingua
817 1643 964 1700 adiectiva
989 1661 1099 1718 magns
1123 1663 1161 1702 ex
1188 1651 1272 1719 parte
1299 1644 1414 1702 deficie-

82 1746 167 1816 bant,
189 1755 222 1803 nt
236 1748 266 1804 in
282 1747 465 1818 centurione,
488 1755 540 1803 aut
560 1752 684 1822 propter
699 1744 948 1820 significationem
965 1743 1115 1802 diversam
1131 1761 1187 1802 usu
1207 1755 1355 1820 receptam
1371 1747 1416 1804 sic

82 1848 212 1922 amplius
234 1848 367 1906 adhiberi
388 1866 448 1905 nou
470 1839 618 1922 poterant,
640 1853 673 1904 ιιι
693 1845 723 1904 in
747 1845 878 1904 consule.
913 1843 972 1904 Sed
995 1845 1131 1904 atillam
1152 1846 1308 1906 utilitatem
1331 1866 1416 1923 prae·

82 1950 197 2021 herent,
221 1949 390 2008 adhibenda
406 1955 490 2006 erent
504 1966 569 2006 oum
586 1947 741 2025 singulari,
765 1959 794 2005 et
810 1965 878 2006 vere
899 1965 953 2022 per
975 1947 1098 2022 aliquod
1119 1956 1236 2023 tempus
1257 1949 1283 2006 is
1300 1949 1417 2008 videtur

82 2053 115 2108 in
138 2070 175 2108 ea
196 2070 228 2108 re
244 2051 428 2108 sollemniter
443 2049 609 2108 obtinuisse
632 2057 660 2108 et
681 2048 850 2126 praefectus
864 2049 915 2124 qui
935 2047 992 2105 suit
1005 2049 1172 2126 appellatus
1188 2065 1255 2108 esse
1278 2069 1311 2108 eu
1329 2071 1416 2126 prue-

77 2155 166 2226 secta,
188 2152 301 2210 evitato
324 2151 432 2226 plurali
450 2151 675 2227 plurativaeque
689 2149 919 2226 significationis
935 2150 1103 2221 vocabulis;
1125 2169 1158 2208 en
1175 2153 1321 2225 praesecto
1337 2153 1416 2211 enim

84 2261 117 2310 nt
144 2253 304 2310 barbarum
334 2252 480 2323 fortasse,
509 2253 556 2310 ita
583 2251 810 2328 significationis
843 2257 940 2308 certae
973 2259 1034 2323 est,
1068 2269 1101 2309 eu
1129 2254 1284 2327 praesectis
1317 2263 1417 2312 autem

83 2361 241 2430 praeterea
263 2354 450 2429 ambiguum,
478 2362 596 2429 poterat
622 2353 701 2410 enim
727 2354 770 2410 ita
795 2369 914 2428 quoque
941 2351 1123 2428 praepositio
1149 2354 1256 2428 accipi,
1283 2364 1316 2412 nt
1341 2355 1417 2413 acci-

84 2455 164 2530 pitur
185 2455 218 2512 in
238 2473 295 2512 uno
317 2473 350 2512 en
371 2458 479 2512 amicta
516 2453 719 2513 Nihilominus
740 2453 865 2530 pluralis
887 2470 1005 2528 qnoque
1027 2453 1070 2510 ita
1089 2464 1258 2529 usurpatur,
1280 2465 1313 2514 ut
1329 2457 1419 2514 verba

86 2555 244 2632 biographi
268 2553 414 2614 Gordiani
437 2575 463 2614 c.
480 2554 533 2615 ii:
555 2575 574 2614 a
596 2553 753 2614 Gallicana
775 2574 809 2614 ec
830 2554 992 2613 consulibus
1014 2564 1039 2612 et
1060 2554 1228 2614 Maecenate
1248 2575 1281 2614 ec
1301 2557 1418 2616 duabus

85 2659 248 2732 interempti
275 2667 341 2714 sunt
365 2657 548 2732 respondent
575 2654 701 2716 Graecis
728 2655 895 2714 Herodiani
917 2655 946 2726 7,
968 2657 1016 2728 11,
1037 2656 1068 2714 3:
1102 2650 1171 2738 ἀνὴρ
1198 2650 1255 2713 cirri
1282 2653 1420 2718 ὑπατείας

88 2747 185 2814 murti
206 2750 384 2818 ruthenensis
406 2747 494 2823 ὄνομα
608 2747 656 2815 reni
677 2745 768 2838 ἕτερος
789 2750 976 2838 στρατηγικός
998 2751 1030 2813 ιδ
1056 2748 1172 2836 α’ξῖωμα
1193 2751 1342 2828 Μαικήνας
1366 2781 1420 2816 κα-

87 2849 232 2925 λούμενος,
254 2860 458 2934 repetiturque
480 2861 510 2917 in
534 2859 629 2918 titulis
652 2858 763 2917 saeculi
785 2857 883 2934 quarti
906 2858 1034 2935 optimae
1059 2867 1146 2916 notae
1176 2857 1248 2936 c(r'r)
1277 2859 1420 2936 c(larr‘ssi·

86 2959 163 3033 enus)
186 2979 222 3018 en
237 2963 394 3036 praqsectis
415 2962 482 3018 urbi
502 2959 552 3034 (Ο.
568 2959 622 3033 Vl,
648 2959 741 3031 17123
765 2959 842 3035 Eph.
858 2958 904 3017 IV
926 2978 953 3017 n.
972 2958 1059 3036 800);
1086 2960 1124 3018 ad
1146 2961 1226 3038 quod
1249 2962 1419 3038 exemplum

87 3061 286 3137 explicandus
308 3063 365 3120 erit
384 3081 444 3120 non
466 3062 565 3120 solum
586 3072 733 3120 ueteranus
756 3079 789 3118 ec
811 3061 931 3136 lepione,
953 3060 982 3117 id
1005 3060 1084 3137 qnod
1111 3080 1169 3120 non
1196 3063 1288 3120 semel
1313 3063 1422 3141 legitur

89 3159 138 3234 (O.
156 3161 236 3219 v111
257 3182 286 3240 p.
306 3163 481 3238 lostost),
504 3163 556 3221 sed
578 3164 667 3222 etiam
688 3173 836 3222 veteranus
859 3180 892 3220 ea
913 3163 1120 3221 centurionibus
1143 3161 1193 3239 (0.
1209 3163 1251 3236 X,
1274 3164 1369 3240 3370)
1392 3173 1422 3224 et

88 3281 124 3320 er
148 3265 314 3324 trierarcbis
343 3262 396 3339 (O.
416 3264 478 3336 xl,
503 3265 556 3336 863
589 3265 627 3322 cf.
657 3265 723 3322 adn.
752 3265 789 3322 ad
812 3263 857 3335 X,
885 3262 993 3339 3348).
1048 3263 1126 3322 Eum
1152 3281 1237 3323 usum
1266 3263 1422 3340 Seeckius,

89 3382 178 3440 quem
205 3366 242 3423 de
274 3366 321 3423 his
349 3366 440 3424 rebus
466 3383 534 3422 cum
567 3365 664 3424 iructu
692 3365 843 3436 consului,
876 3365 941 3424 inre
974 3383 1008 3422 eo
1041 3375 1174 3437 revocat,
1208 3367 1288 3440 qnod
1314 3365 1424 3426 Graeci

89 3483 146 3540 pro
180 3485 215 3523 ee
247 3469 361 3526 consule
393 3467 491 3525 dicere
524 3467 622 3526 solent
652 3460 710 3522 cirri
744 3457 868 3525 ὑπάτων.
918 3464 1086 3525 Secundum
1119 3466 1193 3525 huec
1224 3486 1290 3526 cnm
1318 3468 1355 3526 de
1387 3487 1423 3526 eo

89 3566 170 3642 qnod
196 3577 245 3626 est
271 3587 304 3625 es
325 3579 484 3644 protectore
509 3567 551 3644 (n.
571 3569 623 3639 19,
651 3565 739 3626 modo
767 3567 856 3626 lectio
879 3586 951 3626 vera
977 3567 1029 3642 sit)
1057 3580 1086 3626 et
1112 3567 1244 3628 botranus
1272 3568 1329 3645 [eu]
1353 3589 1424 3645 pro-

90 3679 194 3728 tectore
216 3669 258 3744 (n.
276 3669 329 3745 20)
352 3669 461 3746 ambigi
478 3678 620 3746 nequeat,
654 3670 743 3728 etism
767 3688 799 3727 ec
816 3669 1025 3746 protectoribus
1047 3669 1098 3746 qui
1113 3669 1250 3728 dicuntur
1270 3669 1312 3746 (u.
1329 3671 1357 3729 8.
1374 3672 1423 3730 36.

92 3770 143 3826 40.
167 3770 229 3844 46)
261 3771 399 3830 videntur
431 3789 500 3831 esse
532 3771 632 3830 officio
664 3771 767 3828 functi.
832 3769 897 3828 Neo
929 3779 1008 3829 recte
1041 3779 1208 3847 opponetur
1240 3790 1268 3830 n.
1293 3770 1311 3827 8
1343 3773 1424 3832 duce-

90 3875 193 3928 narius
217 3891 250 3929 ea
272 3873 479 3948 protectoribus
501 3873 599 3932 luteris
622 3872 761 3948 diuini²);
785 3891 851 3931 narn
875 3872 1054 3948 protectoris
1076 3873 1206 3930 officium
1227 3881 1346 3931 estnon
1361 3893 1425 3950 per-

91 3982 230 4047 petuum,
258 3973 372 4033 ducena
392 3974 522 4052 dignitas
549 3983 694 4051 perpetua
714 3978 826 4050 pariter
847 3985 936 4052 atque
958 3973 1223 4050 perfectissimatus
1245 3982 1275 4032 et
1297 3975 1426 4052 egregia-

91 4072 192 4148 tus⁸).
236 4073 375 4151 Denique
401 4083 569 4135 castrenses
596 4075 639 4134 illi
668 4076 803 4134 homines
830 4094 896 4134 cum
924 4075 1058 4134 scribunt
1083 4076 1172 4134 modo
1199 4094 1232 4132 eu
1255 4084 1425 4152 protectore,

91 4175 185 4233 modo
207 4194 240 4233 es
263 4177 486 4251 protectoribus,
515 4176 603 4235 modo
629 4197 682 4254 per
703 4176 910 4254 compendium
934 4177 970 4234 ad
995 4185 1150 4253 utramque
1175 4177 1333 4236 formulam
1359 4177 1426 4253 pari

89 4277 157 4334 inre
177 4276 399 4354 explicandum,
421 4297 480 4338 non
502 4279 671 4353 quaesitam
695 4279 895 4338 diversitatem
918 4280 1072 4338 enuntiare
1094 4278 1262 4352 voluerunt,
1285 4278 1335 4337 ssd
1358 4297 1427 4336 ean·

91 4377 160 4436 dem
183 4397 246 4437 rem
268 4380 370 4456 paullo
391 4379 509 4438 diverse
531 4379 781 4455 significaverunt.

135 4479 218 4538 Hinc
238 4481 394 4540 descendit
415 4499 487 4540 usus
508 4481 740 4558 praepositionis
762 4481 799 4540 ad
819 4481 1060 4557 distinguendam
1083 4481 1218 4542 militiam
1241 4481 1430 4541 administra·

93 4590 157 4639 tam
179 4592 210 4640 et
233 4582 443 4641 codicillarem.
477 4580 599 4643 Scilicet
619 4601 685 4641 cum
705 4583 763 4642 iem
780 4580 997 4642 Constantinus
1020 4581 1070 4658 (C.
1082 4583 1139 4643 Th.
1153 4584 1182 4655 7,
1199 4581 1249 4656 tl,
1268 4584 1298 4660 1)
1322 4601 1428 4642 sanxe-

155 4745 179 4808 ¹)
203 4749 355 4800 Lsteroulns
374 4751 482 4800 militurn
504 4751 667 4802 dimissorum
688 4769 709 4802 e.
723 4765 747 4802 a.
765 4753 817 4803 134
836 4752 866 4803 0.
880 4753 930 4815 111,
945 4752 1016 4802 6178
1037 4753 1125 4804 cilicia
1143 4753 1231 4802 omnis
1249 4759 1364 4804 recenset
1382 4753 1428 4802 ad-

92 4840 164 4889 iecta
182 4842 384 4906 praepositione.

155 4929 181 4994 ²)
199 4933 300 4983 Eadem
320 4934 421 4984 ratione
445 4942 483 4984 est
507 4936 533 4984 in
558 4936 632 4985 titulo
651 4934 755 4988 Sidensi
780 4935 820 4998 (C.
834 4937 857 4986 1.
871 4934 917 4987 Gr.
931 4936 1014 5000 4346)
1041 4924 1198 5004 δοικηνιῖριος
1224 4922 1272 4986 eine*
1297 4923 1430 5004 inerpe'nuc

92 5011 297 5094 ιριμιιιλᾶριος.

154 5114 179 5180 ³)
199 5117 386 5169 Constantinus
406 5131 430 5168 a.
445 5118 496 5168 317
521 5117 562 5179 (O.
576 5119 627 5170 Th.
642 5121 667 5181 8,
681 5121 707 5182 4,
723 5119 763 5181 3):
784 5118 988 5188 primipilaribus
1005 5128 1063 5188 poet
1085 5123 1210 5172 emeritum
1233 5119 1350 5172 militiam
1370 5135 1431 5188 per·

84 5209 272 5272 semebeimatue
289 5207 332 5260 cel
352 5207 461 5260 ducenae
479 5207 521 5260 ael
538 5217 654 5262 centenae
672 5210 714 5262 cel
731 5213 875 5278 eprepictus
894 5211 955 5262 dari
972 5211 1086 5281 dipnitus
1099 5219 1193 5280 potest.
1289 5257 1293 5264 .

175 5317 212 5376 V.
1188 5321 1207 5380 9
