3450 5842
70 546 233 596 rsus-1479
501 543 690 597 MANTISSA
719 545 996 598 AFRICANORVII.

307 868 615 932 ruvssvusrovu
638 869 900 932 uvurunuvu
929 871 1036 949 (supra
1056 892 1085 948 p.
1101 869 1187 947 421).

65 1053 168 1114 1478
196 1056 234 1112 ad
261 1057 330 1114 fals.
353 1077 382 1114 u.
400 1054 445 1115 7⁸.
491 1056 618 1132 [Vereor
639 1077 676 1116 ne
697 1058 803 1116 titulus
830 1058 1028 1133 interpolatus
1054 1057 1149 1133 magis
1173 1057 1212 1114 sit
1232 1073 1321 1130 quam
1344 1073 1413 1114 cou-

119 1158 216 1216 tictus.
264 1157 343 1217 Nam
366 1157 573 1236 Hiempsalem
606 1177 706 1236 regem
734 1177 914 1235 quamquam
941 1158 1082 1236 aequales
1112 1159 1155 1216 sic
1180 1156 1288 1216 Latine
1319 1158 1412 1215 hono·

120 1278 187 1316 rare
209 1277 269 1317 non
291 1266 461 1337 potuerunt,
488 1261 548 1319 iam
571 1261 744 1320 crediderim
767 1261 825 1320 huc
847 1263 996 1338 pertinere
1019 1260 1096 1336 quod
1119 1260 1230 1337 legitur
1252 1260 1330 1335 apud
1353 1256 1413 1335 Gy·

119 1363 256 1436 priauum
286 1361 379 1437 (quod
406 1362 487 1420 idola
514 1363 554 1420 dii
581 1381 642 1421 nou
664 1363 726 1422 siut
748 1381 772 1422 c.
789 1362 836 1438 I):
865 1364 967 1421 Mauri
994 1364 1141 1436 manifeste
1167 1381 1247 1436 repes
1274 1379 1341 1420 suos
1368 1379 1411 1418 co-

120 1463 183 1520 lunt
203 1481 253 1521 neo
273 1463 333 1521 ullo
355 1465 509 1522 uelamento
531 1465 583 1524 loc
607 1484 705 1523 nomeu
732 1466 860 1524 obtauaat
886 1475 916 1524 et
937 1465 1154 1524 Tertullianum
1181 1463 1315 1541 (apolog.
1339 1463 1410 1538 24):

121 1563 324 1624 Mauretaniae
346 1565 403 1641 (dii
425 1566 503 1640 aaut)
526 1569 620 1644 repuli
641 1571 695 1638 aul,
719 1575 855 1627 auctores
872 1567 1031 1626 Africanos
1051 1568 1165 1624 ambos.
1200 1565 1338 1642 Denique
1360 1565 1410 1642 qui

120 1666 298 1741 Tupusuctu
324 1668 461 1727 inventus
489 1676 535 1726 est
560 1669 668 1728 titulus
690 1690 718 1728 o.
736 1668 831 1727 8834:
857 1670 974 1728 Jenuau
995 1669 1033 1727 L.
1056 1670 1208 1728 Perceniua
1230 1668 1267 1725 L.
1287 1669 1315 1743 s.
1339 1667 1410 1726 Stel.

119 1768 251 1844 Repetas
273 1788 298 1827 o.
323 1769 358 1845 [s.
379 1771 398 1828 l.
419 1769 475 1846 a.]‚
505 1788 693 1848 nequaquam
712 1772 762 1830 ad
789 1771 879 1840 deum,
903 1773 1109 1850 cognominem
1137 1780 1267 1847 spectat,
1293 1770 1345 1828 sed
1371 1769 1410 1826 ad

119 1871 219 1946 ipsum
242 1861 341 1948 regem
364 1890 419 1948 pro
435 1871 556 1930 numine
579 1873 700 1947 cultum,
723 1882 880 1951 potestque
902 1873 1044 1951 oppidum
1067 1871 1140 1932 illud
1156 1892 1192 1931 ea
1207 1881 1305 1932 astate
1325 1871 1411 1950 regui

119 1972 307 2049 Hiempsalis
329 1991 401 2050 pars
422 1973 523 2034 luisse.
561 1973 620 2033 Ta.
636 1973 691 2050 M.]

439 2355 496 2413 Hr.
521 2353 585 2414 Sat
607 2354 770 2414 alliacum
792 2355 899 2433 (supra
920 2375 949 2433 p.
966 2357 1052 2432 560).

72 2511 171 2571 1479
200 2513 237 2570 ad
259 2512 377 2590 Epuv
400 2532 428 2570 n.
448 2511 536 2571 1299.
581 2512 762 2572 Dedicautes
788 2513 885 2571 redire
907 2512 997 2586 VIII,
1020 2512 1101 2573 9052
1130 2511 1204 2570 vidit
1229 2513 1409 2571 Dessavius.

124 2613 198 2673 Sunt
220 2615 312 2690 Igitur
331 2614 452 2673 nomina
473 2614 560 2673 haec:
584 2613 621 2672 L.
640 2612 772 2690 Gass[iut
786 2615 946 2691 Restultua,
969 2613 1081 2691 [clo]bn
1095 2613 1233 2674 Lucu'osa.
1268 2612 1408 2673 Ceterum

122 2735 189 2774 cum
213 2716 288 2774 alter
308 2717 383 2775 civis
399 2716 559 2776 Auriensis
576 2713 610 2775 C.
627 2736 654 2774 u.
672 2716 751 2774 9047
775 2717 879 2775 redeat
900 2718 930 2776 in
952 2717 1021 2776 add.
1037 2737 1065 2774 n.
1082 2717 1170 2787 1300,
1193 2724 1272 2774 recta
1295 2717 1411 2776 videtur

122 2817 200 2876 idem
229 2816 397 2877 Desaavius
428 2818 590 2876 coniecIsse
622 2818 726 2877 titulos
756 2819 824 2877 add.
850 2817 1054 2878 1299-1301
1086 2836 1189 2877 omnes
1216 2818 1254 2876 ad
1281 2819 1409 2877 Auziam

121 2921 279 2996 pertinere.

1120 3058 1166 3116 Io.
1191 3056 1346 3118 Scaurus.
