3450 5842
313 548 386 619 614
761 569 1037 620 nnorunnmnnn
1065 569 1148 620 vor..
1167 571 1211 620 111

313 745 414 800 ciuium
434 741 637 800 Rornanorum.
688 743 748 800 Ala
770 741 902 818 Aapustu
930 743 1083 802 titulorum
1105 743 1352 801 Britannicorum
1369 739 1462 812 VII,
1490 738 1668 808 340-341,

312 844 383 902 item
411 846 462 902 alo
489 843 511 900 Ι
539 845 674 920 Angusta
704 846 750 903 rel
779 848 830 904 alu
859 845 994 922 Anpusta
1020 845 1172 905 titulorum
1202 844 1399 906 Gallicorum
1434 842 1668 918 Italicornmque

313 965 405 1024 supra
427 965 454 1023 p.
472 946 531 1006 946
555 949 789 1024 compositorum
812 966 873 1024 quo
896 950 1073 1025 pertineant,
1097 949 1211 1006 deliniri
1234 967 1294 1007 non
1318 955 1442 1023 potest.

354 1045 379 1124 ⁸)
401 1049 491 1106 Alam
516 1049 680 1126 Aprianam
708 1060 808 1108 castra
834 1051 978 1110 habuisse
1005 1051 1043 1110 ad
1071 1050 1191 1127 Syenen
1217 1049 1354 1110 ostendit
1383 1048 1506 1108 titulus
1536 1069 1566 1106 n.
1583 1045 1669 1118 aoso

312 1159 469 1228 praeterea
489 1151 660 1210 nominatur
681 1153 712 1210 in
727 1153 935 1212 Memnoniaco
959 1173 987 1211 n.
1004 1153 1043 1211 49
1067 1153 1136 1210 anui
1155 1153 1213 1210 170
1236 1165 1266 1210 et
1287 1153 1319 1210 in
1335 1150 1471 1210 Notitia
1487 1151 1668 1229 Dignitatun

314 1253 367 1312 Or.
385 1253 435 1325 98,
459 1251 506 1312 39.
551 1252 636 1312 Haec
657 1254 748 1332 igitur
769 1274 823 1332 per
846 1264 986 1330 quattuor
1009 1255 1130 1314 saecula
1151 1255 1181 1312 in
1206 1257 1351 1332 Aegypto
1375 1261 1494 1312 castra
1517 1254 1630 1312 habuit.

354 1352 379 1431 4)
400 1348 484 1426 Εἴλης
504 1359 700 1434 Καμμαγενῶν
722 1357 856 1416 meminit
885 1358 986 1415 titulus
1008 1356 1107 1416 Talmi
1131 1358 1268 1416 inventus
1290 1354 1327 1415 C.
1342 1357 1369 1414 Ι.
1386 1354 1451 1416 Gr.
1468 1356 1575 1428 5057;
1598 1375 1670 1433 prae

314 1467 396 1517 terea
418 1459 467 1516 ala
488 1458 503 1516 Ι
526 1457 797 1536 Commagenorum
821 1460 970 1518 invenitur
992 1460 1020 1516 in
1044 1459 1131 1518 titulo
1155 1457 1297 1517 Celeiano
1322 1478 1354 1516 n.
1373 1458 1481 1516 5224.

355 1557 379 1636 5)
402 1559 544 1619 Cohortis
566 1562 680 1638 primae
695 1561 917 1620 Pannoniorum
935 1561 1140 1621 cohortiumre
1155 1561 1318 1638 primarum
1343 1559 1439 1636 (nam
1458 1562 1572 1638 plures
1588 1562 1669 1619 fuisse

315 1663 477 1735 verisimile
500 1663 560 1738 est)
583 1663 698 1740 lapides
713 1665 870 1742 compositi
886 1673 955 1722 sunt
971 1661 1196 1740 suprap.181;
1219 1663 1255 1720 de
1271 1664 1418 1721 exercitu
1437 1675 1598 1739 quatenus
1613 1681 1669 1720 cou-

316 1775 388 1837 stat‚
415 1765 563 1842 pertinent
585 1767 622 1824 ad
644 1767 850 1825 Pannonicum
874 1765 936 1842 (111
957 1787 986 1844 p.
1002 1763 1111 1842 1158),
1139 1763 1323 1824 Germaniae
1349 1767 1539 1841 superioris
1563 1765 1669 1840 (Braur-

315 1866 694 1944 511657407431519),
718 1869 923 1927 Britannicum
947 1868 1022 1944 (IX,
1043 1867 1149 1943 2619).
1193 1867 1229 1926 In
1251 1869 1402 1945 Aegypto
1429 1877 1601 1944 praeterea
1621 1887 1669 1926 non

316 1979 468 2044 comparet
489 1969 548 2028 nisi
570 1970 600 2027 in
623 1969 741 2029 Notitia
762 1969 816 2030 Or.
834 1969 883 2044 98,
905 1972 941 2029 41
968 1971 1067 2028 cohors
1086 1972 1183 2046 prima
1203 1968 1343 2045 Aupusta
1366 1970 1611 2030 Pannoniorum.

357 2065 381 2146 ὃ)
405 2069 564 2130 Cohortem
577 2071 781 2149 Hispanorum
802 2082 902 2132 castra
915 2073 1060 2131 babuisse
1074 2071 1111 2130 ad
1125 2071 1224 2130 Talmi
1240 2072 1415 2129 docuerant
1433 2073 1524 2132 tituli
1541 2071 1668 2132 C.1.Gr.

317 2173 408 2232 5043.
425 2172 516 2232 5046.
533 2174 624 2233 5047.
661 2174 794 2234 Numero
810 2176 937 2252 primam
953 2175 1048 2233 luisse
1063 2194 1141 2232 nunc
1154 2174 1370 2251 intellegimus.
1408 2173 1604 2234 Cohortium
1618 2176 1670 2233 eius

316 2275 445 2334 nominis
467 2276 572 2335 titulos
595 2293 686 2354 supra
708 2279 934 2354 composuimus
956 2297 986 2354 p.
1001 2276 1058 2336 167
1066 2297 1075 2348 ;
1098 2277 1136 2335 ad
1151 2277 1323 2353 Aegyptum
1348 2285 1486 2352 praeter
1507 2279 1567 2336 hos
1583 2277 1669 2335 nullus

317 2378 406 2436 ducit.

358 2474 383 2556 ²)
407 2477 568 2539 Cohortem
584 2481 599 2538 I
615 2481 751 2540 Flauiam
768 2480 894 2541 Cilicum
917 2481 1079 2541 tetendisse
1101 2483 1131 2540 in
1148 2481 1287 2558 Aegypto
1310 2482 1370 2540 snb
1387 2481 1564 2542 Hadriano
1582 2495 1611 2541 et
1624 2481 1669 2539 Pio

318 2583 480 2641 ostendunt
502 2583 579 2642 tituli
601 2581 636 2642 C.
660 2603 688 2642 n.
706 2583 786 2644 6025
810 2594 839 2644 et
861 2583 895 2643 Ο.
911 2585 937 2642 I.
954 2582 1009 2644 Gr.
1026 2584 1107 2642 4713
1113 2587 1141 2658 s.
1549 2644 1552 2649 .

359 2679 383 2759 8)
405 2682 490 2743 Haec
512 2695 559 2743 est
580 2685 689 2744 cohors
713 2687 779 2745 sola
801 2707 840 2746 ex
863 2698 976 2765 septem
999 2687 1119 2744 residua
1140 2687 1170 2744 in
1189 2685 1337 2744 laterculo
1354 2687 1497 2747 militum
1516 2687 1668 2766 Coptituuo

319 2787 399 2845 edito
421 2804 515 2863 supra
536 2807 564 2844 n.
581 2789 629 2859 15,
653 2788 703 2847 ubi
726 2789 763 2847 de
786 2807 820 2848 ea
842 2789 973 2846 diximus
996 2809 1023 2866 p.
1041 2788 1070 2847 9.

360 2883 384 2964 ⁹)
405 2888 497 2947 Redit
518 2890 549 2947 in
571 2889 659 2948 titulo
681 2890 889 2949 Memnoniaco
912 2911 940 2948 n.
958 2891 995 2948 37
1020 2891 1091 2950 anni
1106 2890 1155 2950 95.
1401 2958 1402 2961 ¹

361 2985 393 3066 ¹⁰)
417 2989 504 3050 Hanc
526 2999 627 3050 castra
648 2992 790 3052 habuisse
812 2994 842 3050 in
864 2995 1006 3070 Aegypto
1033 2993 1188 3070 superiore
1213 2991 1382 3051 docuerunt
1411 2994 1500 3052 tituli
1525 2993 1562 3053 C.
1579 2994 1603 3052 1.
1619 2990 1664 3051 Gr.

320 3092 402 3151 5050
425 3092 510 3169 (anni
529 3093 612 3170 147).
636 3093 714 3153 5081
742 3094 781 3170 (a.
802 3094 883 3170 136).
901 3095 991 3153 5110.
1036 3093 1094 3152 Est
1116 3095 1204 3152 etiam
1226 3094 1256 3152 in
1279 3093 1401 3152 Notitia
1419 3094 1480 3154 Or.
1505 3115 1532 3154 c.
1552 3095 1601 3166 98,
1621 3094 1662 3152 44.

319 3193 437 3254 Horum
459 3196 613 3254 titulorum
640 3196 761 3272 ignarus
783 3196 993 3270 Desjardinius
1019 3196 1170 3254 cohortem
1197 3196 1254 3254 hoc
1281 3195 1348 3254 loco
1377 3197 1519 3256 inseruit
1548 3198 1660 3272 primaru

319 3297 518 3374 Ityraeornm,
540 3299 605 3374 ipse
627 3297 784 3357 confessus
806 3298 869 3357 eius
891 3298 922 3356 in
946 3299 1086 3375 Aegypto
1108 3298 1222 3356 nullum
1245 3297 1409 3374 vestigium
1435 3302 1579 3376 reperiri.

363 3394 398 3475 ¹¹)
422 3396 539 3458 Cohors
561 3399 608 3457 ΙΙΙ
630 3399 818 3476 Ityraeorum
841 3409 929 3458 antea
955 3400 1125 3459 innotuerat
1150 3420 1188 3458 ex
1214 3399 1290 3459 solis
1316 3400 1418 3459 titulis
1447 3403 1657 3478 praefectorum

322 3498 437 3573 c.1x,
463 3501 552 3560 1619.
589 3500 681 3573 VIII,
705 3500 796 3561 2394.
816 3501 896 3562 9395
925 3502 1006 3578 (vide
1036 3521 1127 3578 supra
1154 3521 1182 3578 p.
1199 3503 1285 3578 194);
1318 3512 1423 3561 castra
1451 3505 1505 3562 ubi
1532 3505 1656 3570 fuissent.

321 3603 524 3680 ignorabatur.
572 3603 608 3661 In
632 3604 772 3680 Aegypto
799 3613 917 3680 praeter
947 3605 1108 3664 secundam
1135 3603 1319 3679 aliquamdiu
1350 3605 1481 3665 stetisse
1510 3607 1655 3684 septimum

321 3724 387 3763 curn
410 3725 449 3764 ex
471 3705 557 3764 titulo
579 3705 786 3764 Memnoniaco
810 3704 844 3765 G.
860 3727 889 3764 n.
903 3706 941 3766 59
965 3715 1131 3780 constaret,
1159 3725 1224 3764 eam
1247 3707 1304 3764 hoc
1325 3725 1452 3782 qnoque
1474 3709 1547 3767 loco
1574 3707 1655 3766 nouri-

322 3817 421 3866 natam
443 3807 538 3866 fuisse
561 3815 651 3867 antea
671 3808 858 3867 conieceram
880 3808 961 3884 (vide
978 3827 1069 3885 snpra
1088 3828 1117 3886 p.
1133 3808 1221 3885 194);
1244 3827 1334 3886 quam
1350 3811 1565 3870 coniecturam
1580 3808 1654 3868 lectio

323 3911 445 3987 expleta
466 3910 628 3988 redarguit.

365 4007 399 4088 ¹²)
421 4012 457 4071 L.
478 4010 624 4072 Laberius
646 4013 797 4072 Maximus
823 4013 901 4073 idem
928 4023 975 4072 est
1001 4014 1067 4072 siue
1093 4013 1183 4073 dubio
1210 4021 1300 4088 atque
1326 4022 1514 4091 procurator
1541 4014 1653 4073 Iudaeae

323 4133 351 4173 a.
366 4115 401 4172 71
428 4113 585 4193 (Iosephus
607 4115 676 4174 bell.
692 4115 759 4174 Iud.
778 4116 807 4187 7,
822 4115 849 4188 6,
867 4116 898 4174 6:
921 4105 1063 4173 ἐπέστειλε
1077 4106 1312 4198 ΚαΐσαρΒᾶα-σῳ
1334 4104 1527 4198 καῖὼβερῖῳ
1552 4150 1589 4160 -
1608 4133 1652 4174 stt.

322 4209 455 4297 Λαβερίῳ
485 4250 522 4260 -
554 4209 690 4299 Μαξίμῳ,
716 4205 797 4278 sirac
818 4213 849 4276 δ’
875 4207 908 4288 ἦν
932 4209 1106 4299 ἐπίτροπος),
1133 4226 1310 4296 procurator
1336 4216 1575 4296 (amphitheatri
1596 4217 1653 4277 Fla·

323 4319 418 4395 viani)
441 4329 470 4377 et
491 4318 662 4396 praelectus
682 4337 818 4379 annonae
840 4339 868 4379 a.
881 4320 920 4380 80
943 4319 1024 4396 (acta
1039 4321 1144 4379 Arval.
1168 4341 1197 4398 p.
1211 4319 1279 4379 CVI
1296 4318 1450 4396 Hennen).
1488 4322 1570 4380 Eum
1583 4338 1654 4398 prae

323 4439 432 4480 nomen
460 4421 603 4481 habuisse
624 4420 711 4481 Lucii
733 4432 764 4482 et
784 4442 811 4481 a.
828 4422 866 4481 83
891 4423 1062 4499 Aegyptum
1089 4421 1348 4481 administravisss
1374 4425 1439 4481 iam
1470 4424 1653 4482 addiscimus.

323 4522 422 4582 Filius
445 4523 509 4582 eius
531 4524 735 4584 videturesse
763 4524 817 4582 M’.
840 4522 987 4583 Laberius
1010 4525 1160 4583 Maximus
1189 4525 1289 4584 clarus
1316 4524 1395 4583 inter
1423 4525 1519 4586 duces
1543 4521 1654 4586 Traiani

324 4625 430 4685 consul
452 4625 483 4684 II
505 4625 673 4687 ordinarius
694 4646 722 4686 a.
737 4625 794 4685 103
818 4625 860 4703 (v.
883 4626 944 4684 ind.
968 4627 1046 4686 Plin.
1071 4645 1098 4702 p.
1115 4627 1201 4703 416).

367 4722 401 4803 ¹⁸)
423 4727 541 4788 Tettius
568 4729 703 4788 Iulianus
732 4728 847 4805 legatus
876 4728 1005 4806 legionis
1022 4728 1083 4787 VII
1117 4727 1262 4788 Claudiae
1291 4728 1430 4788 Moesiae
1464 4750 1502 4790 eo
1536 4741 1654 4808 tempora

323 4830 525 4905 praesidentis
547 4840 669 4906 propter
683 4831 860 4890 Roxolanos
882 4831 978 4890 victos
1001 4850 1027 4889 a.
1046 4831 1084 4890 69
1107 4832 1316 4890 consularibus
1332 4835 1524 4893 ornamentis
1539 4833 1654 4894 donatus

325 4940 371 4990 est
391 4931 531 5007 (Tacitus
554 4932 625 4990 hist.
644 4933 670 5004 1,
688 4933 755 5009 79),
781 4933 887 4992 deinde
909 4951 975 4993 cum
997 4933 1124 4993 insidias
1147 4933 1204 4992 sibi
1226 4941 1356 4993 structas
1379 4954 1398 4992 a
1421 4935 1527 5013 legato
1548 4935 1654 5012 proriu-

325 5031 389 5090 oiae
410 5032 482 5109 fuga
502 5033 646 5092 evitasset
666 5033 700 5110 (l.
715 5054 741 5094 c.
766 5035 794 5108 2,
811 5035 876 5112 85),
897 5036 934 5094 in·
950 5056 977 5094 a.
990 5036 1030 5094 70
1044 5045 1165 5115 praetor
1180 5043 1298 5095 creatus
1315 5038 1531 5114 magistratum
1547 5045 1654 5118 propter

325 5132 419 5192 salsos
442 5135 562 5193 nuntios
585 5136 611 5194 ei
634 5135 810 5214 abrogatum
834 5157 905 5198 mox
928 5139 1042 5215 recepit
1069 5140 1104 5216 (l.
1120 5158 1145 5198 c.
1168 5141 1198 5212 4,
1220 5139 1269 5197 39.
1286 5139 1351 5215 40).
1402 5137 1573 5201 Consulem
1599 5153 1653 5198 eun

326 5235 436 5294 sactum
459 5253 527 5296 esse
549 5256 575 5297 a.
593 5238 630 5297 83
654 5239 712 5298 iam
736 5240 946 5316 comperimus.
