3518 5828
423 551 727 606 oesrnvarronas
746 551 1036 604 arronnrmcra.
1326 531 1394 606 131

66 739 205 805 repentem
227 727 305 803 (vita
319 725 495 787 Numeriani
520 727 574 796 13;
596 725 701 785 Victor
715 724 804 785 Caes.
820 725 875 802 39)
899 725 946 784 rel
968 725 1043 784 adeo
1065 725 1202 785 comitem
1225 727 1400 785 domestico·

65 851 131 890 rum
167 830 323 906 (Zonaras
348 827 395 898 lt,
419 829 472 888 31:
506 816 590 886 ἄλλοι
617 821 648 883 δὲ
675 817 784 898 adunca
813 821 983 894 δομεστῖκων
1009 819 1094 886 cdxiv
1122 817 1263 902 γενέσθαι
1296 819 1401 904 (paul),

66 952 127 992 non
146 945 228 990 reete
247 931 315 988 inde
331 930 487 1006 colligetur
501 947 538 988 eo
552 935 686 1004 tempore
702 928 795 988 fuisse
810 928 919 988 milites
934 928 1086 1004 palatinos
1100 928 1280 988 domesticos
1295 929 1401 1000 dictos,

69 1053 134 1092 cum
157 1032 189 1090 id
212 1051 335 1103 nomeu,
357 1039 390 1090 ut
411 1031 490 1090 inira
512 1031 642 1103 dicetur,
665 1039 772 1107 quarte
787 1029 904 1090 demum
927 1030 1045 1090 saeculo
1067 1030 1165 1089 medio
1187 1031 1322 1107 incipiat,
1348 1049 1402 1090 nec

69 1153 251 1210 magnopere
273 1133 397 1192 offendit
418 1142 619 1209 protectorum
635 1131 783 1192 vocabulo
803 1151 839 1190 eo
856 1141 988 1208 tempore
1012 1133 1121 1190 usitato
1144 1151 1162 1188 a
1184 1132 1402 1208 posterioribus

69 1237 248 1294 substitutos
270 1252 338 1294 esse
360 1233 554 1306 domesticos;
578 1235 632 1292 sed
651 1234 706 1293 sub
721 1233 953 1292 domesticorum
970 1233 1115 1291 vocabulo
1131 1233 1270 1308 antiquos
1285 1243 1403 1309 praeto-

70 1339 171 1396 rianos
194 1338 287 1394 latere
309 1353 472 1411 eorumque
493 1345 565 1412 puta
580 1336 729 1394 tribunatu
741 1334 959 1394 Diocletianum
975 1344 1036 1392 tum
1050 1333 1183 1392 functum
1200 1351 1276 1404 esse,
1298 1354 1402 1412 parum

70 1439 230 1498 verisimile
252 1445 308 1495 est.
341 1436 438 1494 Immo
460 1437 533 1495 baec
548 1454 583 1494 eo
598 1435 711 1494 ducunt
725 1443 793 1494 ante
809 1435 1031 1494 Diocletianum
1048 1453 1156 1510 corpus
1178 1436 1330 1511 quoddam
1351 1457 1403 1495 ex·

71 1541 168 1600 titisse
191 1559 210 1596 a
231 1538 429 1615 praetorianis
454 1537 604 1596 diversum
631 1537 785 1596 custodiae
812 1537 1001 1613 imperatoria
1027 1536 1206 1596 destinatum
1234 1545 1264 1596 et
1290 1538 1402 1595 habens

70 1642 174 1700 ducem
197 1659 293 1698 suurn.
339 1637 520 1696 Constitutio
545 1639 726 1698 Diocletiani
748 1639 817 1698 anni
838 1638 942 1696 incerti
964 1636 1038 1696 cod.
1054 1637 1127 1696 lust.
1146 1639 1193 1709 10,
1209 1639 1259 1710 48,
1277 1638 1305 1710 2,
1327 1657 1403 1714 quae

72 1744 140 1802 sola
161 1743 240 1800 iuter
261 1742 326 1798 eius
350 1740 434 1818 leges
457 1747 657 1815 protectorum
679 1739 827 1810 meminit,
855 1739 1069 1798 immunitatem
1092 1741 1272 1798 confirmans
1294 1741 1332 1798 iis
1354 1745 1405 1816 qui

70 1853 120 1904 out
142 1863 177 1901 ar
195 1842 403 1920 protectoribua
425 1851 491 1899 sunt
512 1835 563 1900 out
585 1860 617 1899 ea
635 1845 821 1918 praepositis,
843 1859 910 1899 cum
932 1840 1069 1918 proxime
1084 1827 1207 1900 accedat
1225 1841 1262 1899 ad
1279 1842 1403 1917 inscrip-

72 1947 184 2004 tionem
212 1942 524 2019 Gratianopolitanam
554 1961 580 2000 a.
602 1941 661 2002 269
689 1942 732 2018 (n.
749 1943 799 2018 5),
828 1949 928 2020 potest
955 1942 1076 2000 omniuo
1102 1942 1140 2000 ad
1169 1944 1309 2020 antiquos
1338 1961 1405 2020 pro·

73 2056 200 2105 tectores
223 2045 312 2117 trahi,
340 2043 392 2102 sed
414 2063 473 2102 non
496 2044 593 2102 minus
614 2045 654 2102 ad
675 2061 769 2102 novos
791 2063 829 2102 ex
851 2043 912 2102 illis
934 2043 977 2101 ita
998 2052 1113 2116 enatos,
1140 2051 1172 2102 ut
1194 2045 1304 2102 multae
1326 2044 1405 2103 ordi-

73 2149 210 2207 nationes
237 2146 371 2220 utrisque
404 2146 516 2220 pariter
542 2145 728 2204 conveniant.
773 2143 887 2204 Contra
913 2145 993 2221 quod
1026 2145 1057 2204 in
1089 2146 1165 2204 libro
1192 2147 1228 2205 de
1257 2146 1405 2204 mortibus

73 2255 296 2326 persecutorum
320 2246 360 2320 (c.
380 2247 416 2304 10
439 2247 476 2304 cs.
493 2265 517 2304 c.
532 2245 585 2322 18)
609 2247 719 2324 scripto
742 2266 768 2304 a.
786 2246 879 2306 ³13l4
901 2245 1077 2306 Lactantius
1092 2257 1194 2306 narrat
1209 2247 1405 2306 Maximinum

73 2351 162 2426 rulgo
185 2350 301 2408 Duram
329 2349 367 2406 ab
390 2347 540 2406 avunculo
562 2345 688 2407 Galerio
717 2348 845 2423 primum
869 2349 1030 2406 scutarium
1058 2348 1167 2408 sactum
1191 2366 1273 2420 esse,
1301 2349 1407 2407 deinde

74 2459 291 2527 protectorem,
317 2467 388 2506 mox
411 2449 575 2520 tribunum,
602 2449 728 2524 denique
751 2467 777 2506 a.
795 2448 854 2507 305
877 2447 1097 2508 adulescentem
1119 2450 1272 2508 etiamtum
1295 2447 1407 2509 Caesa·

74 2573 152 2623 rem,
183 2552 220 2610 ad
243 2559 427 2628 protectores
450 2550 561 2609 saeculi
584 2550 662 2608 tertii
686 2567 791 2626 parurn
817 2567 849 2608 se
871 2549 1091 2622 accommodat,
1118 2561 1198 2609 recte
1220 2551 1341 2608 omnino
1369 2551 1407 2610 ad

75 2655 212 2714 instituta
233 2653 414 2729 posteriora,
443 2652 502 2710 nisi
524 2651 605 2727 quod
626 2653 656 2710 in
678 2650 805 2710 transitu
827 2669 865 2710 ex
888 2651 992 2710 schola
1014 2652 1209 2712 scutariorum
1232 2651 1269 2709 ud
1291 2659 1406 2728 proteo·

76 2766 157 2814 tores
180 2755 293 2830 aliquid
314 2753 430 2829 gratiae
452 2753 582 2812 dandum
605 2761 660 2812 eat.

119 2857 226 2932 ltaque
252 2863 313 2914 tam
340 2853 435 2912 titulis
462 2871 553 2930 quam
580 2852 778 2929 scriptoribus
803 2853 928 2912 testibus
955 2855 993 2912 ab
1015 2853 1177 2914 Aureliano
1204 2853 1273 2912 inde
1299 2873 1408 2932 corpus

76 2960 133 3016 luit
154 2965 355 3033 protectorum
380 2956 435 3013 sub
457 2954 532 3012 duce
556 2971 609 3012 suo
632 2954 786 3013 custodiae
808 2955 997 3030 imperatoris
1018 2955 1207 3033 potissimum
1230 2957 1408 3015 destinatum

76 3069 105 3117 et
127 3059 260 3117 eminens
276 3075 368 3132 supra
389 3056 604 3131 praetorianos.
637 3055 673 3113 In
693 3055 810 3131 legibus
826 3063 923 3114 tamen
946 3057 1051 3114 luorum
1074 3065 1274 3134 protectorum
1298 3058 1408 3116 mentio

77 3169 159 3219 certa
185 3159 268 3216 nulla
292 3157 441 3234 reperitur
462 3165 531 3215 ante
557 3175 665 3214 annum
690 3155 800 3232 3251).
824 3188 861 3200 -
886 3156 1125 3216 Domesticorum
1147 3157 1323 3218 vocabulum
1349 3178 1409 3218 non

76 3261 187 3320 offendi
210 3269 279 3318 ante
305 3255 570 3333 conscendunt),
596 3275 693 3332 neque
715 3257 851 3316 absimile
885 3259 946 3316 veri
979 3267 1025 3316 est
1056 3268 1198 3335 utrosque
1229 3279 1288 3318 non
1321 3260 1411 3319 simul

75 3363 231 3422 institutos
263 3377 345 3434 esse,
379 3359 432 3418 sed
463 3359 683 3436 protectoribus
715 3359 885 3418 reformatis
918 3358 1048 3418 tortasse
1080 3361 1117 3418 ab
1144 3361 1310 3419 Aureliano
1342 3371 1412 3437 post

76 3462 276 3534 intervallum,
298 3480 358 3520 non
381 3477 520 3537 maguum
543 3469 652 3532 tamen,
674 3459 852 3518 domesticos
875 3459 1015 3518 adiectos.
1032 3493 1073 3504 —-
1095 3460 1284 3520 Protectores
1307 3469 1337 3520 et
1359 3462 1411 3521 do·

78 3565 223 3624 mestioos
248 3581 319 3620 vere
345 3561 466 3621 differre
492 3571 521 3619 et
546 3571 607 3619 tarn
636 3562 692 3620 hos
719 3579 808 3636 quarn
835 3561 902 3619 illos
929 3561 1105 3620 laterculum
1135 3565 1286 3640 proprium
1313 3570 1343 3621 et
1368 3565 1412 3622 sic

79 3659 180 3725 decem
202 3665 316 3742 primos
338 3681 409 3722 suos
432 3663 573 3720 habuisse
590 3662 743 3721 declarant
764 3663 846 3740 leges
862 3662 938 3720 duae
955 3662 1081 3722 Honorii
1105 3661 1138 3722 Ο.
1156 3664 1214 3722 Th.
1231 3665 1259 3736 6,
1277 3663 1325 3736 24,
1347 3665 1374 3722 8.
1392 3665 1410 3724 9

79 3779 179 3846 aperte
200 3767 383 3825 coniunctae.
430 3762 583 3822 Differunt
604 3771 702 3821 autem
725 3763 754 3822 ni
778 3765 868 3822 fallor
893 3783 929 3823 eo
955 3765 1087 3838 nornine,
1120 3765 1201 3840 quod
1227 3773 1411 3842 protectores

80 3869 200 3946 proprie
223 3867 414 3944 appellantur
434 3864 485 3940 qui
508 3864 667 3940 stipendiis
688 3865 835 3937 emeritis,
865 3865 1019 3924 domestici
1041 3866 1161 3942 proprie
1183 3867 1235 3942 qui
1257 3867 1412 3924 nobilitate

80 3980 111 4029 et
131 3970 232 4046 gratia
253 3967 292 4038 ad
315 3987 381 4026 eum
403 3965 501 4024 locum
524 3967 709 4042 perveniunt,
732 3985 791 4044 qua
813 3967 848 4025 de
870 3986 902 4026 re
924 3966 1004 4024 inira
1026 3966 1147 4026 dicetur.
1192 3967 1251 4027 Sed
1274 3967 1414 4026 differunt

80 4071 136 4144 ita,
164 4082 198 4127 nt
219 4089 251 4128 re
277 4068 373 4126 omnis
397 4067 533 4126 diversae
554 4067 678 4144 originis
704 4067 828 4126 effectus
855 4067 979 4126 tollatur
1001 4076 1031 4125 et
1051 4087 1112 4126 non
1134 4068 1231 4128 solum
1259 4068 1359 4128 officia
1385 4079 1415 4128 et

80 4172 248 4250 privilegia,
270 4169 322 4228 sed
345 4169 413 4246 ipsa
433 4167 488 4228 illa
509 4168 657 4226 vocabula
677 4168 755 4228 inter
776 4169 892 4228 nobiles
913 4169 1035 4228 iuvenes
1052 4177 1267 4246 veteranosque
1282 4170 1320 4228 ad
1335 4170 1415 4228 hunc

82 4273 227 4332 honorem
241 4271 353 4348 pariter
367 4269 517 4328 admissos
533 4269 754 4344 quodammodo
768 4270 1032 4330 communicentur.
1066 4269 1188 4330 Scilicet
1202 4271 1254 4347 qui
1270 4279 1415 4347 praeeunt

80 4373 118 4434 iis
140 4373 266 4432 comites
288 4370 347 4430 duo
369 4369 559 4447 appellantur
580 4370 811 4430 domesticorum
831 4371 964 4448 equitum
982 4380 1013 4430 et
1026 4371 1256 4432 domesticorum
1273 4372 1414 4448 peditum,

141 4563 164 4626 ¹)
184 4563 248 4613 Eius
267 4565 329 4615 anni
349 4573 389 4616 est
401 4565 467 4616 Cod.
482 4565 532 4616 Th.
548 4567 571 4625 7,
587 4567 630 4627 20,
645 4566 675 4615 4:
701 4566 873 4616 comitatatum
891 4573 914 4616 et
932 4567 1045 4633 repertast
1063 4565 1154 4617 militer
1168 4575 1241 4635 atque
1249 4575 1415 4635 protectores.

83 4656 154 4708 Anni
174 4658 305 4720 aequantia
328 4664 387 4708 aaut
410 4657 445 4707 ib.
465 4656 490 4716 7,
513 4658 556 4717 22,
578 4659 592 4706 2
613 4664 638 4705 et
658 4658 683 4717 8,
705 4659 729 4719 7,
751 4659 780 4719 2;
805 4659 866 4708 anui
887 4658 938 4708 328
959 4658 989 4708 C.
1008 4658 1059 4709 Th.
1081 4659 1105 4720 7,
1125 4661 1167 4720 20,
1190 4661 1214 4710 b.
1259 4661 1415 4710 Constitutio

83 4760 106 4796 a
121 4745 206 4804 31315
227 4746 256 4796 C.
271 4747 321 4798 Th.
343 4750 368 4809 7,
389 4751 433 4810 21,
455 4751 468 4798 1
489 4763 635 4798 memorans
654 4763 707 4810 eos,
733 4750 776 4812 qui
795 4763 826 4798 ea
841 4747 1027 4815 protectoribus
1045 4749 1086 4798 cel
1103 4765 1134 4798 ea
1150 4751 1306 4816 praepositio
1327 4750 1370 4801 uel
1387 4766 1417 4800 ex

82 4836 190 4889 tribumir
209 4838 363 4902 dignitatem
382 4855 434 4890 non
453 4840 561 4902 militia,
586 4840 632 4890 sed
651 4839 777 4889 codicillis
796 4842 971 4904 impetrarint,
997 4843 1074 4891 etiam
1094 4842 1232 4906 antiquiori
1259 4843 1418 4893 ordinationi

84 4939 141 4993 apta
154 4937 201 4979 est.
235 4930 267 4979 Id
288 4931 373 4994 ipsum
392 4929 462 4981 valet
476 4931 509 4981 de
528 4932 710 4982 constitutione
729 4946 754 4980 a.
769 4931 821 4982 333
842 4931 871 4982 C.
886 4932 936 4982 Th.
957 4935 982 4993 7,
1003 4934 1046 4994 22,
1069 4934 1084 4983 b
1104 4935 1242 4997 praeterita
1255 4934 1416 4999 potissimum

85 5023 231 5086 respicient.

141 5109 165 5176 ²)
178 5114 217 5166 0,
232 5113 344 5173 Tium,
360 5115 385 5175 1,
400 5113 443 5176 38,
464 5114 519 5164 aine
538 5113 618 5165 dubio
632 5115 788 5178 Constantii,
807 5115 915 5167 somaro
934 5117 995 5167 anni
1016 5115 1078 5168 346.
1117 5117 1161 5167 Ad
1180 5115 1288 5168 eandem
1307 5123 1418 5168 aetatem

86 5204 192 5268 pertinet
210 5205 285 5256 locus
305 5203 442 5256 Ammiani
463 5207 505 5267 14,
527 5207 569 5268 lo,
591 5208 616 5256 2.

1175 5316 1211 5376 9.
