3450 5842
447 486 751 540 oasunvaurouas
777 487 1062 539 urlcasemcau.
1348 469 1419 540 639

72 663 131 721 sed
159 663 278 738 utrique
304 662 416 737 pariter
443 669 534 738 atque
560 662 734 722 officialium
762 662 873 721 scrinia
904 661 943 720 ad
970 673 1083 720 certum
1112 680 1267 722 numerum
1300 665 1420 740 publice

71 765 169 823 creati
192 773 222 822 et
246 764 422 841 discipliuae
444 763 591 842 praesidis
616 764 753 824 similiter
775 764 901 823 subiecti
919 772 997 823 recte
1013 765 1191 824 officialibus
1207 765 1418 843 adiunguntur.

74 865 126 924 Ita
152 867 183 924 in
209 866 275 944 lege
298 885 324 925 a.
342 867 402 925 344
430 866 550 926 derecta
577 867 613 926 ad
642 867 786 926 vicarium
810 866 931 924 Africae
958 863 1008 942 (O.
1026 866 1083 924 Th.
1105 865 1133 938 8,
1157 866 1203 938 10,
1227 865 1261 944 2)
1289 869 1333 927 sic
1355 877 1417 929 est:

69 979 193 1044 praeter
217 968 364 1027 sollemnes
393 979 419 1028 et
445 973 597 1029 canonicas
621 972 826 1045 pensitationes
852 971 941 1028 multa
968 988 986 1026 a
1008 968 1237 1045 provincialibus
1262 970 1347 1044 Afris
1373 976 1417 1029 in-

74 1071 242 1146 dipnissime
265 1073 451 1146 posmlantnr
475 1072 512 1130 ab
540 1073 711 1149 officialibus
740 1082 764 1130 ct
793 1071 984 1130 scholasticis.
1033 1069 1199 1129 Commoda
1225 1080 1323 1131 autem
1353 1074 1416 1133 litis

72 1191 145 1230 oum
168 1174 343 1249 apartibus
366 1183 425 1232 tarn
448 1175 658 1250 exceptoribus
681 1183 711 1232 et
732 1174 885 1232 advocatis
908 1181 1101 1249 praestentur
1123 1191 1213 1248 quam
1235 1174 1414 1236 officialibus

72 1275 270 1351 quibusdam,
293 1277 330 1334 de
354 1277 488 1352 utrisque
510 1276 648 1334 similiter
670 1276 745 1335 edici
768 1275 873 1353 potuit.
905 1307 945 1318 —
976 1273 1159 1334 officialium
1183 1282 1330 1352 quatenus
1353 1298 1413 1336 me·

72 1385 230 1436 morantur
252 1377 326 1436 ordo
349 1379 488 1437 convenit
508 1397 575 1437 cum
593 1378 697 1450 forma,
720 1396 810 1454 quam
826 1378 967 1456 proponit
981 1376 1099 1437 Notitis
1113 1378 1290 1457 dignitatum
1308 1379 1413 1456 (supra

68 1477 107 1556 'p.
124 1478 209 1555 634).

118 1581 341 1642 Advocatorum
364 1583 524 1643 honoraria
545 1583 656 1641 dudum
679 1592 748 1642 aute
770 1583 844 1641 haec
867 1592 1004 1659 tempora
1029 1583 1161 1661 legitime
1186 1583 1319 1644 admissa
1344 1603 1411 1645 esse

71 1692 177 1742 notum
200 1693 257 1756 est;
281 1686 502 1761 apparitoribus
526 1693 558 1742 ut
579 1694 681 1763 partes
704 1703 757 1760 pro
781 1704 873 1763 opera
895 1684 1035 1762 quiddam
1059 1685 1213 1744 solverent
1234 1686 1331 1745 adbuc
1350 1697 1411 1746 sta·

71 1793 196 1845 tuerunt
218 1787 273 1845 viri
295 1787 374 1846 docti
396 1789 494 1848 medio
517 1788 633 1846 demum
657 1788 778 1846 saeculo
801 1789 906 1863 quinto
929 1795 1080 1864 receptum
1102 1787 1218 1864 esse1).
1255 1789 1319 1848 Iam
1341 1809 1410 1849 vero

70 1908 135 1948 non
168 1889 263 1947 solum
297 1889 439 1949 discimus
473 1889 590 1966 aliquas
618 1888 764 1948 eiusmodi
791 1889 1010 1966 praestationes
1038 1898 1117 1948 certe
1150 1890 1271 1950 saeculo
1303 1900 1409 1967 quarto

71 1990 173 2049 medio
195 1992 326 2068 legitime
352 1991 529 2064 obtinuisse,
558 1992 612 2051 sed
637 1992 729 2071 etiam
758 2010 904 2067 quaenam
932 2011 983 2050 eae
1011 1991 1122 2051 luerint
1148 1993 1338 2069 aliquatenus
1364 1995 1408 2052 in-

68 2093 250 2171 tellegimus.

116 2193 217 2254 Causa
238 2197 440 2273 sportularum
464 2197 584 2255 diversa
605 2205 665 2268 est;
692 2197 806 2255 scilicet
828 2197 885 2255 tria
912 2198 1012 2274 capita
1038 2197 1143 2268 officii,
1169 2197 1241 2256 item
1268 2198 1407 2258 officialis

68 2305 213 2356 executor
232 2299 498 2358 remunerationem
522 2299 672 2375 accipiunt
692 2317 747 2376 pro
770 2299 906 2374 eoquod
929 2299 1050 2358 mittunt
1071 2300 1280 2372 mittunturve‚
1304 2310 1409 2360 contra

68 2400 268 2460 scholasticus
290 2411 433 2477 exceptor
453 2401 621 2460 libelleusis
641 2401 811 2460 eonomine
827 2400 907 2477 quod
923 2421 1044 2479 operam
1060 2410 1172 2460 navant
1187 2419 1276 2461 orans
1291 2402 1352 2477 ille,
1375 2404 1405 2462 hi

66 2503 243 2562 scribentes.

111 2605 201 2665 Prius
224 2606 428 2684 sportularum
451 2624 545 2683 genus
567 2625 748 2683 quamquam
771 2607 836 2665 sine
859 2605 949 2665 dubio
972 2605 1008 2663 ad
1025 2605 1247 2664 omniaitinera
1261 2609 1406 2684 pertinuit

66 2707 190 2766 officiali
213 2707 360 2784 praesidis
383 2718 506 2786 propter
527 2709 607 2766 litem
631 2709 776 2784 privatam
799 2709 878 2767 intra
899 2709 946 2766 vel
972 2715 1059 2767 extra
1082 2708 1234 2766 civitatem
1260 2709 1403 2785 iniuncta,

65 2811 99 2869 id
121 2810 200 2886 quod
228 2811 327 2868 multis
355 2829 394 2868 ex
420 2810 521 2869 causis
549 2812 669 2869 evenire
696 2819 809 2887 potest,
836 2811 912 2868 duas
939 2829 988 2869 res
1015 2811 1204 2887 potissimum
1231 2814 1404 2888 complecti-

66 2921 132 2985 tur,
165 2913 336 2990 petitionem
364 2931 416 2971 reo
446 2911 689 2988 insinuandaml)
724 2920 753 2971 et
781 2912 1012 2988 appellationem
1042 2913 1080 2972 ad
1109 2913 1237 2972 iudicem
1259 2915 1402 2974 maiorem

64 3017 313 3090 imperatoremve
336 3014 609 3086 transmittendam
636 3017 714 3073 hanc
735 3015 810 3074 adeo
833 3023 936 3092 aperte
964 3015 1134 3092 significant
1161 3033 1239 3092 quae
1265 3017 1404 3094 leguntur

65 3137 95 3175 v.
113 3115 153 3174 20
175 3118 212 3175 de
234 3117 355 3176 officiali
378 3117 521 3176 mittendo
544 3127 627 3175 trans
650 3116 779 3193 mare³).
816 3117 877 3175 Res
900 3124 998 3175 autem
1020 3117 1063 3176 ita
1082 3117 1243 3195 perficitur,
1267 3127 1299 3177 ut
1319 3121 1401 3196 prin·

64 3237 137 3297 ceps
160 3228 349 3278 executorem
373 3220 474 3296 aliquo
490 3219 532 3276 ire
547 3219 664 3290 iubeat;
687 3238 754 3277 nam
770 3238 848 3278 neno
865 3220 1038 3295 officialium,
1060 3220 1255 3296 imperatores
1271 3222 1400 3298 aiunt⁴)‚

61 3326 92 3378 in
115 3341 215 3379 'manns
238 3323 359 3398 aliquod
378 3326 436 3380 nisi
454 3325 586 3398 principe
607 3325 761 3398 imperante
788 3325 925 3379 mittatur.
971 3320 1194 3382 Cornicularius
1223 3342 1342 3401 quoque
1368 3337 1401 3383 ut

60 3433 134 3501 post
154 3425 318 3500 principem
341 3425 489 3482 secundas
517 3436 575 3496 est,
602 3424 643 3480 ita
665 3424 695 3481 in
718 3434 877 3482 executore
901 3425 1044 3482 mittendo
1067 3425 1132 3482 eius
1155 3426 1275 3501 aliquae
1297 3437 1399 3502 partes

59 3545 130 3586 esse
151 3527 359 3603 potuerunt).
397 3525 512 3585 Contra
533 3526 570 3583 de
586 3527 845 3586 commentariensi
868 3527 956 3585 aliter
978 3527 1094 3584 videtur
1116 3530 1305 3588 statuendum
1322 3549 1398 3604 esse,

58 3648 129 3688 eum
150 3646 256 3687 causas
278 3629 397 3700 civiles,
425 3628 461 3687 de
483 3629 593 3705 quibus
615 3629 663 3687 hic
684 3629 795 3707 agitur,
825 3630 852 3687 is
875 3648 935 3688 non
957 3630 1113 3704 tractem).
1160 3629 1291 3691 Omnino
1314 3651 1399 3709 spor·

121 3885 144 3948 ¹)
163 3887 454 3952 Bathmanu-Hollweg
477 3884 645 3954 Oieilprocesa
665 3889 679 3937 1
700 3903 725 3952 p.
742 3887 803 3938 159.
824 3887 840 3936 3
860 3904 885 3952 p.
897 3889 959 3936 200.
1002 3887 1079 3948 Quod
1099 3887 1165 3938 tradi
1185 3890 1251 3938 solet
1270 3889 1395 3940 Constan-

54 3982 140 4031 tinum
165 3979 290 4044 Magnum
314 3981 444 4046 sportulae
465 3995 554 4030 omnes
578 3981 702 4042 vetuisse,
731 3995 763 4028 ex
787 3979 1075 4030 constitutiones-331
1098 3979 1316 4043 c.Th.1‚1s‚7
1342 3998 1395 4032 non

53 4081 127 4124 recte
146 4072 296 4136 effecerunt3
326 4088 386 4124 uam
406 4073 453 4123 etsi
471 4074 614 4138 apparitori
640 4088 670 4123 eo
695 4079 809 4136 tempore
833 4086 886 4121 uon
910 4071 983 4121 licuit
1000 4073 1135 4136 pecuniam
1159 4073 1263 4137 exigere
1285 4089 1332 4138 pro
1355 4075 1394 4124 in-

51 4181 144 4230 gressu
162 4166 196 4215 ad
215 4167 358 4230 praesidem
378 4180 424 4215 nec
447 4166 529 4230 magis
553 4173 656 4231 propter
680 4165 830 4215 tradendam
850 4165 1002 4215 sententiam
1028 4179 1044 4214 a
1067 4166 1184 4230 praeside
1209 4166 1308 4228 datam,
1333 4167 1394 4218 inde

53 4273 112 4309 non
131 4258 245 4323 sequitur
264 4258 347 4308 nullas
367 4259 473 4308 omnino
493 4258 621 4323 sportulas
644 4270 676 4308 eo
699 4265 815 4323 tempore
838 4264 940 4308 exactas
966 4272 1030 4308 ease.
1073 4258 1198 4308 Neutrum
1221 4259 1391 4322 sportularum

2 4385 3 4390 ,
50 4366 137 4417 genus
156 4351 251 4400 Iuliani
271 4356 354 4401 aetate
373 4351 470 4400 licitum
489 4350 567 4401 tuisse
587 4367 618 4400 ex
638 4352 687 4401 hoc
707 4352 790 4400 edicto
814 4349 869 4399 iure
892 4349 1054 4415 colligemue;
1079 4356 1168 4415 postes
1186 4357 1322 4416 utrumqne
1347 4353 1391 4402 ad-

51 4445 163 4494 missum
182 4449 228 4492 est.

112 4533 138 4597 ²)
157 4535 208 4586 Res
227 4542 296 4585 nota
335 4535 625 4600 Bethmaun·Hollweg
645 4537 660 4587 ³
681 4552 705 4600 p.
720 4537 781 4585 201.

111 4625 136 4689 ³)
157 4627 186 4678 G.
201 4629 250 4677 Th.
269 4631 310 4690 ll,
332 4629 375 4690 30,
397 4629 430 4678 29
452 4643 475 4677 a.
490 4627 542 4678 362
568 4629 601 4678 ad
620 4629 742 4678 vicarium
763 4626 846 4677 urbis:
873 4626 1057 4694 appellationes
1156 4643 1209 4678 cam
1231 4627 1390 4693 refietatoriis

40 4717 168 4790 precidere
187 4756 193 4770 .
210 4753 237 4770 ..
262 4719 298 4768 acl
316 4727 426 4770 nostram
449 4721 590 4770 comitatam
613 4721 742 4769 ninantur
765 4726 863 4769 strenuo
888 4717 1007 4770 videlicet
1030 4720 1138 4788 ‹afficiali
1160 4736 1190 4770 ea
1213 4719 1253 4770 tis
1276 4723 1320 4788 qni
1343 4720 1390 4770 titt

36 4818 141 4882 parent
161 4810 196 4861 acl
214 4809 279 4861 lanc
297 4810 491 4862 sollicitudinem
510 4811 594 4872 electo,
616 4813 654 4861 ita
673 4819 700 4861 nt
719 4848 747 4861 ..
768 4811 823 4861 dies
841 4829 888 4878 quo
906 4813 1003 4878 perulis
1025 4821 1098 4879 pasta
1122 4811 1257 4862 tradantur
1275 4812 1388 4880 fideliter

43 4905 201 4971 clesiynetrar.
241 4903 281 4954 Cf.
300 4905 319 4954 1.
334 4905 367 4954 31
388 4904 502 4954 eiusdem
522 4905 589 4956 tituli
609 4911 634 4953 et
654 4907 679 4966 8,
700 4906 743 4966 11,
764 4906 789 4954 4.

105 4995 131 5057 ⁴)
152 4997 181 5047 C.
197 4997 247 5046 Th.
269 4997 294 5058 6,
316 4996 360 5058 28,
382 4999 395 5046 1
417 5012 440 5046 a
455 4997 517 5048 379.
555 4998 627 5048 Idem
647 4997 810 5048 constituitur
829 4996 846 5048 l.
862 4995 887 5046 3.
907 4999 933 5047 4.

105 5087 129 5149 5)
150 5087 439 5154 Bethmanu-Hollweg
457 5090 475 5139 l.
490 5107 511 5140 c.
531 5105 556 5154 p.
573 5090 633 5141 145.

105 5177 131 5242 ⁶)
151 5180 225 5231 Idem
244 5181 260 5230 l.
276 5197 297 5232 c.
317 5199 342 5247 p.
359 5183 419 5232 147.
