3450 5842
336 527 408 600 642
827 547 829 550 ·
854 549 857 556 ’
908 549 1095 601 nouussu

332 723 436 782 bulum
459 723 579 782 evitarit
601 733 631 781 et
645 723 691 783 bis
706 723 787 782 alind
802 725 938 800 posuerit
953 741 1013 782 non
1028 721 1186 781 admodum
1201 721 1322 780 obvium
1333 721 1377 797 ¹).
1418 719 1494 779 Nec
1511 721 1613 798 magis
1628 739 1686 796 per·

333 826 442 903 spicio,
469 845 536 884 cum
558 844 634 902 qnae
657 844 710 901 pro
733 827 875 885 tribunali
896 827 926 883 in
950 825 1151 900 postulatione
1173 834 1200 882 et
1221 825 1470 883 contradictione
1496 832 1686 902 gestamur,

332 937 432 1004 partes
449 937 536 986 antea
550 928 609 986 iam
625 928 662 986 ab
678 930 886 1005 exceptoribus
903 928 1053 1004 descripta
1069 927 1245 1002 acceperint,
1267 927 1427 1003 quomodo
1443 927 1490 984 ob
1508 926 1684 985 sententiam

332 1031 440 1101 solam,
462 1039 495 1088 ut
517 1030 709 1088 admittamus
732 1031 818 1090 huius
834 1049 953 1107 queque
970 1029 1182 1088 describendae
1198 1038 1348 1105 sumptum
1366 1030 1408 1086 ad
1424 1029 1610 1107 litigatores
1624 1049 1684 1105 per·

332 1135 469 1205 tinuisse,
492 1133 646 1210 impensae
668 1139 770 1190 tantae
793 1132 873 1210 exigi
897 1134 1060 1208 potuerint,
1083 1140 1211 1207 quantas
1234 1131 1362 1191 edictum
1386 1132 1491 1210 ponit.
1542 1129 1605 1191 Sed
1627 1150 1684 1188 om·

330 1237 412 1294 nium
435 1236 567 1294 maxime
589 1255 635 1293 me
658 1244 769 1308 movet,
797 1235 876 1310 quod
897 1235 941 1292 ita
962 1235 991 1292 in
1013 1234 1110 1294 edicto
1133 1234 1221 1310 plane
1242 1234 1451 1306 desideratur,
1478 1235 1559 1310 quid
1582 1252 1683 1310 excep·

331 1338 388 1396 tori
410 1357 465 1415 pro
488 1337 591 1395 labore
614 1337 776 1413 chartaque
800 1337 976 1396 solvendum
999 1337 1091 1395 sitin
1113 1353 1206 1394 causa
1234 1338 1361 1415 urgenti.
1416 1335 1531 1410 Quam
1559 1337 1599 1395 ob
1627 1355 1682 1394 rem

330 1440 506 1498 crediderim
534 1439 633 1497 verbis
655 1460 683 1498 v.
700 1440 739 1498 39
767 1443 796 1496 in
823 1441 938 1516 definita
964 1455 1054 1497 causa
1080 1439 1288 1516 similibusque
1317 1459 1343 1496 v.
1363 1440 1406 1497 44
1435 1440 1561 1516 respici
1589 1439 1627 1496 ad
1650 1458 1681 1497 ea

330 1561 407 1618 quae
430 1541 610 1618 praecedunt
631 1562 657 1600 v.
672 1542 708 1599 31
734 1545 764 1600 in
785 1546 916 1617 urguenti
937 1559 1009 1617 quae
1025 1541 1155 1615 finienda
1176 1546 1212 1599 ait
1234 1551 1264 1600 et
1283 1541 1497 1618 supplendum
1519 1559 1591 1600 esse
1606 1541 1680 1617 cogi·

329 1645 442 1702 tatione
464 1645 494 1702 id
516 1644 596 1721 quod
618 1653 664 1702 est
686 1648 715 1702 ia
736 1647 875 1719 urguenti.
926 1643 972 1701 Ita
994 1651 1024 1701 et
1046 1643 1178 1702 defectus
1205 1653 1284 1702 recte
1311 1643 1462 1718 expletur
1492 1652 1525 1703 et
1553 1663 1678 1703 summae

330 1757 418 1824 aptae
440 1747 623 1816 efficiuntur3
645 1765 713 1804 nam
737 1754 769 1804 nt
790 1747 935 1804 advocato
957 1745 987 1802 in
1007 1763 1101 1803 cansa
1116 1747 1252 1822 urguenti
1268 1747 1464 1804 tantumdem
1483 1747 1578 1805 datur
1591 1765 1676 1822 quan

329 1859 392 1907 tum
415 1850 523 1925 accipit
544 1858 668 1926 propter
689 1847 917 1924 postulationem
941 1847 1274 1924 contradictionemque,
1297 1849 1339 1906 ita
1361 1849 1531 1926 exceptori
1551 1869 1606 1925 pro
1621 1867 1674 1906 me

329 1951 386 2010 diis
409 1951 540 2028 quinque
563 1959 591 2008 et
614 1951 769 2009 duodecim
792 1950 949 2009 solvuntur
971 1949 1062 2008 modii
1084 1949 1187 2025 viginti
1209 1949 1395 2026 chartaeque
1421 1951 1455 2008 ei
1479 1952 1673 2010 attribuuntur

328 2073 383 2131 pro
406 2072 465 2111 una
486 2061 675 2128 etquattuor
698 2071 762 2112 sex.
813 2052 985 2114 Sententiae
1007 2052 1192 2130 exemplaria
1213 2072 1249 2110 ea
1270 2061 1371 2112 aetate
1394 2053 1586 2112 crediderim
1611 2072 1669 2111 cun·

328 2157 405 2214 fecta
437 2173 505 2214 esse
538 2157 704 2232 sumptibus
738 2155 882 2232 publicis;
917 2173 989 2214 sane
1017 2154 1228 2214 advocatorum
1258 2156 1425 2214 honoraria
1459 2167 1493 2216 et
1526 2167 1667 2234 gestorum

327 2258 457 2334 partium
479 2275 572 2316 causa
594 2257 855 2317 describendorum
881 2259 1036 2334 impensae
1058 2257 1153 2335 magis
1176 2258 1297 2334 proprie
1324 2258 1364 2316 ad
1391 2267 1504 2334 partes
1531 2261 1665 2334 pertinent

327 2379 418 2437 quam
441 2371 578 2437 sumptus
602 2361 767 2419 sententiae
788 2361 881 2437 gratis
903 2359 1036 2419 redditae
1059 2359 1159 2436 itaque
1179 2360 1302 2419 meliore
1322 2367 1425 2419 aetate
1443 2362 1541 2420 etiam
1556 2361 1664 2438 publicu

328 2463 447 2522 nomine
468 2463 562 2540 gratis
583 2465 779 2540 perscriptae.

370 2565 417 2624 De
440 2566 539 2624 otfioto
562 2566 774 2624 advocatorum
797 2576 1049 2642 exceptorumqne
1071 2583 1161 2624 cansa
1182 2563 1266 2622 nulla
1287 2573 1334 2623 est
1357 2584 1412 2642 qur
1436 2565 1499 2625 hoc
1522 2567 1589 2625 loco
1605 2585 1663 2642 sgr-

326 2686 403 2727 mus.
441 2665 583 2726 Chartam
606 2677 732 2744 apparet
751 2677 927 2744 exceptores
943 2667 1128 2744 litigantibus
1139 2666 1168 2742 ²)
1184 2668 1227 2725 ita
1242 2667 1501 2744 suppeditavisse,
1525 2677 1558 2726 nt
1572 2687 1661 2727 earnm

325 2789 443 2846 quoque
466 2779 583 2845 praeter
605 2788 714 2845 operae
736 2770 863 2845 pretium
886 2769 1053 2848 exigerent3
1081 2787 1139 2845 quo
1162 2769 1225 2828 iure
1249 2788 1284 2827 ne
1307 2769 1522 2842 abuterentur,
1546 2771 1661 2830 edictum

325 2873 495 2930 chartarum
517 2889 593 2947 quae
615 2871 654 2928 ad
676 2872 734 2928 tria
755 2871 933 2930 iudiciorum
956 2890 1065 2948 genera
1084 2872 1254 2930 sufficerent
1269 2889 1426 2930 numerum
1445 2872 1563 2932 delinit.
1599 2873 1661 2930 Eius

326 2974 553 3033 consuetudinis
575 2973 679 3050 Lydus
701 2993 819 3051 quoqne
841 2974 974 3033 meminit
996 2974 1032 3032 de
1055 2991 1132 3050 mag.
1148 2974 1182 3045 3,
1204 2974 1255 3046 14,
1279 2973 1322 3030 ita
1343 2982 1466 3047 tumen,
1496 2983 1529 3033 ut
1551 2975 1661 3034 meliore

327 3085 423 3136 aetate
442 3084 529 3153 neget
548 3077 694 3136 officiales
716 3077 900 3136 miserabilia
917 3077 990 3134 haec
1006 3077 1167 3149 curavisse,
1190 3075 1279 3132 immo
1295 3075 1522 3136 lucidissimam
1538 3079 1660 3136 chartam

325 3181 421 3259 gratis
444 3179 681 3255 suppeditavisse
708 3172 786 3255 (rede
808 3170 922 3238 πάντων
945 3169 1155 3239 διιιδιστοῖτους
1176 3167 1293 3260 χᾶρτας
1314 3167 1360 3234 ε’πῖ
1385 3179 1448 3241 τοῖς
1476 3171 1660 3262 upari-eradicas

326 3276 556 3348 ἀναλίσκεσθαι,
579 3273 734 3358 cibatique
754 3271 949 3363 ἔμπρεπᾶντων
970 3283 1027 3340 τοῖς
1048 3269 1145 3336 κύτεσι
1168 3281 1222 3336 τῶν
1244 3271 1411 3360 γραφὲωιι);
1437 3282 1500 3340 iam
1520 3301 1590 3340 vero
1610 3299 1658 3341 nott

326 3383 422 3441 solum
445 3384 565 3442 chartae
587 3384 714 3459 pretium
737 3405 755 3442 a
775 3385 978 3460 litigatoribus
1005 3383 1127 3459 exigere
1154 3382 1297 3440 officiales
1327 3373 1462 3463 (χάρτην
1492 3379 1657 3442 cinerarius}

324 3487 374 3554 τῆς
395 3476 509 3565 τάξεως
530 3475 697 3552 ὑπομένουσι
721 3479 786 3546 retis
808 3477 998 3568 πράττοντας)
1020 3504 1117 3561 neque
1139 3485 1310 3543 erubescere
1333 3485 1420 3562 ipsos
1442 3505 1559 3564 egenos
1575 3489 1656 3545 laetos

384 3756 407 3817 ¹)
428 3757 458 3807 C.
473 3757 523 3806 Th.
547 3758 570 3818 1,
584 3757 609 3819 6,
625 3760 649 3805 2.
684 3761 708 3820 1,
724 3759 756 3806 st
772 3759 816 3806 tin.
850 3758 1016 3820 l,29,bpr.
1052 3759 1133 3818 10,1,
1151 3757 1192 3806 13.

382 3847 406 3910 ²)
426 3848 549 3899 Chartam
569 3863 634 3914 qnae
653 3849 687 3898 ad
705 3850 822 3914 publicos
841 3865 900 3898 usus
920 3849 1091 3912 requireretur
1110 3865 1166 3897 cum
1185 3849 1245 3908 hac,
1269 3862 1347 3912 quem
1368 3857 1525 3914 exceptores
1545 3851 1653 3916 litiganti·

322 3941 370 3991 bns
389 3941 494 4005 privatis
514 3942 686 4005 suppeditant,
706 3957 767 3992 cave
787 3942 938 3991 confundas.
975 3941 1050 3990 Illam
1070 3955 1103 3990 ex
1122 3942 1227 4005 antiqua
1247 3941 1415 3990 ordinatione
1435 3943 1563 3994 officiales
1576 3945 1652 4009 quibus

322 4047 353 4083 es
372 4049 436 4097 opus
456 4039 511 4084 erat
529 4035 581 4083 suis
601 4035 743 4098 sumptibus
763 4035 880 4084 ridentur
899 4047 1075 4096 comparasse,
1101 4039 1129 4081 nt
1147 4039 1191 4082 aut
1209 4038 1314 4096 propter
1333 4033 1362 4081 id
1382 4049 1452 4084 onus
1478 4045 1574 4086 certam
1597 4050 1652 4084 sun·

322 4141 390 4175 mam
410 4128 555 4189 acciperent
574 4135 629 4188 aut,
650 4128 718 4192 quod
738 4128 820 4191 magis
840 4125 1006 4187 crediderim,
1026 4131 1142 4188 respectu
1161 4131 1307 4189 sumptuum
1327 4125 1369 4175 his
1389 4126 1551 4178 officialibus
1570 4141 1651 4178 menes

321 4225 490 4282 congruenter
517 4225 591 4268 aucta
618 4220 806 4268 attribueretur.
858 4219 899 4268 Ita
926 4219 1044 4267 beneficii
1074 4232 1150 4266 causa
1174 4218 1196 4265 si
1222 4230 1273 4281 qua
1297 4218 1407 4280 pecunia
1433 4221 1541 4283 publica
1567 4223 1601 4269 sic
1625 4217 1650 4267 ad

320 4310 464 4374 praesidem
494 4311 664 4374 pervenisset,
698 4319 726 4359 nt
754 4311 834 4359 libere
863 4311 895 4359 de
925 4326 956 4360 ea
983 4310 1142 4374 disponeret,
1173 4316 1273 4373 poterat
1300 4307 1484 4360 chartiatr'mrm
1518 4309 1650 4378 quibusda·

320 4400 473 4468 efficialiter
491 4401 549 4452 inde
568 4401 722 4453 subscm'bere
741 4403 811 4468 (Dig.
826 4405 870 4464 48,
886 4405 929 4464 20,
945 4403 984 4464 d),
1005 4402 1032 4451 id
1052 4409 1090 4450 est
1109 4401 1224 4452 beneficii
1244 4416 1322 4450 causa
1341 4417 1399 4452 eam
1420 4404 1457 4453 ad
1473 4405 1589 4455 chartam
1601 4402 1650 4452 inde

320 4495 520 4558 comparandam
545 4495 699 4546 officialibus
730 4509 842 4559 erogare.
893 4496 1039 4544 Posteriora
1068 4501 1152 4544 aetate
1181 4508 1211 4543 ee
1241 4494 1346 4543 nomine
1377 4494 1507 4547 officiales
1537 4495 1649 4562 sportulas

320 4587 352 4634 ab
371 4585 404 4635 iis
424 4587 528 4650 exigere
547 4588 677 4648 solebant,
708 4602 815 4652 qnorum
835 4601 912 4637 causa
934 4588 1048 4637 maxime
1072 4593 1128 4635 acta
1151 4585 1254 4650 publica
1273 4587 1377 4648 liereut;
1407 4587 1448 4638 ita
1472 4590 1500 4639 in
1523 4589 1580 4654 lege
1597 4591 1648 4650 imp·
1711 4633 1712 4668 ἱ

319 4678 453 4728 Anastasii
479 4677 516 4740 (Z.
537 4694 553 4728 a
571 4679 725 4745 Lingenthal
745 4681 772 4729 in
792 4681 854 4729 actia
874 4680 947 4729 acad.
966 4679 1053 4729 Berol.
1078 4679 1220 4728 minoribus
1239 4691 1263 4726 a.
1279 4679 1349 4728 1879
1371 4695 1396 4743 p.
1414 4682 1469 4731 134
1484 4681 1549 4746 seq.)
1572 4694 1648 4731 nume
1711 4703 1712 4746 f

319 4770 389 4820 rario
409 4777 435 4820 et
453 4771 626 4835 primiscrinio
646 4773 725 4821 oflicii
750 4772 821 4820 ducis
841 4773 939 4836 Libyae
963 4773 1064 4836 singula
1088 4777 1173 4820 castra
1197 4771 1307 4820 militum
1331 4775 1570 4824 castrensianormn
1591 4758 1647 4838 hdr,
1711 4749 1712 4826 l

319 4860 476 4932 χαρτιιτικιῗιν
496 4877 631 4914 numerare
650 4865 769 4913 iubentur
788 4879 887 4913 annuos
907 4864 1004 4914 solidos
1015 4865 1061 4925 VI,
1081 4865 1180 4913 numeri
1200 4864 1245 4913 alii
1264 4863 1297 4912 ab
1316 4878 1348 4913 eo
1363 4880 1445 4914 onere
1459 4867 1585 4916 immunes
1601 4877 1646 4914 aare
1711 4851 1712 4938 ff

319 4953 387 5017 (pag.
404 4958 417 5003 1
439 4971 463 5004 v.
480 4955 596 5016 16-18,
616 4971 675 5020 pag.
691 4957 706 5006 3
727 4972 749 5004 v.
766 4957 893 5018 20-23).
925 4957 1051 5009 Similiter
1064 4957 1224 5020 Nicephorus
1243 4955 1391 5020 Logotheta
1410 4959 1509 5009 tributa
1527 4962 1565 5009 ita
1577 4957 1645 5014 auxit,

318 5053 346 5093 nt
365 5045 399 5094 ad
418 5045 532 5110 singulos
551 5047 648 5096 solidos
667 5037 725 5112 dnlp
745 5043 911 5118 χαρτιατιιιιῦ
931 5048 1093 5098 edicerentur
1111 5048 1219 5112 siliquae
1233 5047 1309 5097 binae
1328 5049 1518 5115 (Theophanes
1538 5052 1571 5101 ad
1588 5057 1645 5099 arn.

319 5135 405 5198 6302;
432 5138 547 5188 Zonaras
569 5139 614 5200 15,
636 5141 683 5202 143
708 5141 736 5190 Z.
757 5156 774 5190 a
791 5140 946 5206 Lingenthal
965 5142 991 5190 in
1011 5147 1084 5204 parte
1102 5141 1144 5190 111
1163 5139 1226 5189 iuris
1247 5139 1452 5194 Graeco-Rom.
1474 5145 1526 5194 sira
1544 5139 1645 5194 Novella

316 5244 342 5293 p.
357 5227 410 5278 386
425 5228 497 5294 seq).
1334 5233 1336 5238 “
