3534 5834
359 547 432 617 266
808 565 1080 616 lustusamans
1107 564 1279 616 vonum.

355 739 529 816 peragravi,
558 739 655 798 minus
677 748 710 798 ut
731 756 810 798 nova
831 738 1043 814 investigarem
1066 739 1212 799 sollicitus
1239 757 1328 816 quam
1355 757 1431 815 quae
1458 738 1509 796 alii
1537 737 1696 796 ediderant

356 849 390 899 ut
415 841 514 901 denuo
541 843 743 901 examinarem
771 861 806 900 ac
828 841 987 917 diligenter
1009 842 1182 900 conferrem.
1235 840 1365 899 Domum
1392 858 1531 900 reversus
1558 839 1696 898 intellexi

357 944 461 1020 copias
482 946 525 1003 ita
546 952 668 1021 paratas
693 963 755 1004 non
782 943 920 1002 sufficere
947 945 984 1000 ad
1013 943 1224 1019 perficiendum
1252 943 1489 1021 supplementum
1516 942 1636 1019 plenum
1666 951 1697 1000 et

357 1045 539 1118 absolutum,
562 1047 615 1106 sed
637 1064 727 1125 posse
751 1047 851 1104 statIm
874 1047 1077 1105 commoditati
1101 1066 1204 1105 eorum
1226 1047 1276 1122 qui
1301 1046 1407 1104 studiis
1424 1045 1625 1122 epigraphieis
1642 1062 1697 1100 va·

357 1157 427 1206 cant
447 1149 491 1206 ita
511 1150 647 1223 consuli,
668 1157 702 1208 ut
723 1168 761 1208 ex
783 1149 895 1224 ingenti
918 1166 1042 1207 numero
1065 1149 1217 1207 titulorum
1241 1148 1292 1224 qui
1315 1156 1385 1224 post
1406 1166 1515 1223 corpus
1538 1147 1620 1204 foras
1643 1146 1695 1204 da-

355 1258 416 1308 tum
439 1251 633 1310 innotuerunt
654 1259 706 1309 aut
727 1251 764 1308 ab
787 1251 856 1309 aliis
879 1259 931 1308 aut
952 1270 970 1308 a
991 1271 1039 1310 me
1061 1252 1127 1328 ipso
1147 1250 1299 1326 descripti,
1323 1250 1425 1308 selecti
1441 1250 1574 1325 potiores
1590 1249 1620 1305 in
1636 1249 1695 1306 hae
1745 1253 1748 1265 ⁴

356 1352 546 1428 ephemeride
567 1353 733 1412 ederentur.
772 1351 870 1412 Omisi
893 1353 984 1429 igitur
1005 1355 1035 1412 in
1059 1371 1200 1430 praesens
1223 1372 1282 1411 non
1306 1353 1402 1410 solum
1426 1361 1517 1409 totam
1538 1351 1694 1408 titulorum

356 1455 568 1531 sepulcralium
590 1456 772 1534 farraginem
794 1455 930 1532 exceptis
950 1456 1055 1532 paucis
1076 1465 1197 1532 propter
1212 1454 1417 1531 indigenarum
1434 1454 1555 1512 nomina
1570 1453 1617 1512 uel
1634 1451 1696 1510 alia

355 1557 471 1616 ratione
493 1558 674 1634 insignibus,
701 1577 803 1640 verum
826 1557 916 1614 etiam
939 1557 975 1614 de
996 1559 1121 1634 reliquis
1147 1558 1196 1632 qui
1225 1568 1277 1614 aut
1305 1557 1428 1615 minoris
1454 1556 1595 1613 momenti
1627 1573 1694 1613 esse

354 1659 526 1718 viderentur
548 1670 599 1718 aut
621 1659 757 1718 lectionis
780 1659 875 1717 adhuc
896 1679 1001 1736 parum
1030 1660 1190 1718 stabilitae.
1240 1659 1288 1716 Ad
1317 1659 1419 1716 titulos
1447 1667 1544 1716 autem
1573 1657 1633 1714 iam
1665 1657 1695 1714 in

273 1755 283 1774 '
356 1759 491 1836 Corpore
513 1762 610 1821 editos
633 1780 710 1838 quae
732 1761 849 1838 repperi
874 1761 918 1819 vel
942 1761 1078 1821 addenda
1099 1763 1146 1822 vel
1173 1761 1374 1830 emendanda,
1400 1761 1448 1818 his
1476 1759 1695 1835 supplementis

354 1863 466 1921 inserui
489 1871 603 1922 tanturn
626 1882 684 1922 non
707 1865 817 1921 omnia.
862 1861 1051 1940 Quicumque
1073 1864 1152 1922 tituli
1175 1864 1223 1920 bic
1245 1863 1387 1932 edantur,
1414 1871 1466 1919 aut
1487 1861 1525 1918 ab
1547 1860 1616 1918 aliis
1641 1879 1695 1935 pu·

353 1964 424 2023 blici
447 1965 521 2024 iuris
543 1967 614 2024 facti
637 1975 706 2024 sunt
729 1975 780 2023 aut
801 1985 820 2022 a
839 1985 886 2023 me
901 1986 940 2024 ex
954 1966 1104 2041 lapidibus
1120 1967 1236 2044 excepti
1242 1987 1250 2037 ;
1274 1966 1303 2022 in
1320 1964 1437 2022 scrinIIs
1453 1963 1695 2039 antiquariorum

353 2065 561 2126 Parisinorum
585 2077 616 2126 et
629 2067 837 2126 Africanorum
860 2069 910 2144 qui
933 2078 1097 2141 remanent,
1120 2070 1158 2128 ab
1180 2068 1255 2145 Ipsis
1277 2066 1456 2143 quandoque
1475 2065 1546 2124 editi
1569 2075 1695 2123 nostrae

355 2169 491 2246 syllegae
514 2169 665 2228 accedent.

396 2270 509 2330 Earum
531 2272 671 2348 partium,
693 2271 770 2330 unde
792 2272 888 2330 adhuc
911 2273 1014 2331 titulos
1030 2275 1169 2350 antiquos
1184 2273 1284 2331 nullos
1299 2271 1361 2330 fere
1376 2271 1586 2341 habueramus,
1609 2288 1696 2345 map-

354 2391 422 2448 pam
444 2373 514 2431 huic
536 2373 744 2450 supplemento
766 2373 875 2432 adiecit
896 2383 981 2433 vetus
1008 2375 1175 2433 studiorum
1204 2383 1374 2434 nostrorum
1402 2373 1519 2431 adiutor
1541 2371 1695 2430 Henricus

353 2475 488 2552 Kiepert.
535 2473 603 2549 Qua
624 2478 655 2534 in
677 2497 709 2534 re
732 2495 839 2554 magno
862 2477 995 2536 subsidio
1018 2478 1045 2534 ei
1068 2478 1125 2536 suit
1147 2497 1268 2554 mappa,
1293 2495 1382 2552 quam
1405 2475 1524 2552 egregio
1548 2475 1695 2552 exemplo

354 2578 391 2634 de
413 2577 585 2654 regionibus
608 2598 627 2636 a
648 2597 681 2638 se
703 2579 869 2656 exploratis
892 2579 1055 2638 conlectam
1079 2581 1116 2638 ad
1140 2579 1268 2639 Tissotii
1290 2579 1464 2638 relationem
1487 2578 1615 2636 alteram
1643 2578 1697 2635 ad·

354 2679 452 2738 iunxit
472 2678 609 2740 lulianus
632 2679 786 2740 Poinssot.

395 2782 430 2839 In
451 2783 507 2840 hoc
526 2783 734 2861 supplemento
749 2783 904 2842 condendo
920 2803 985 2842 cum
1001 2783 1197 2859 complurium
1215 2793 1352 2842 notorum
1367 2784 1598 2860 ignotorumque
1614 2784 1696 2842 bona

353 2884 455 2942 officia
477 2895 620 2960 expertus
643 2887 715 2956 sim,
741 2887 792 2960 qui
815 2903 916 2944 eoram
939 2887 968 2942 in
992 2886 1098 2944 Africa
1120 2887 1358 2964 peregrinantem
1386 2885 1493 2943 studiis
1520 2884 1695 2962 officiisque

354 2986 540 3058 adiuverunt,
563 2987 607 3045 eis
631 2989 743 3064 gratias
765 2988 886 3064 publice
909 2989 955 3065 egi
977 2988 1007 3046 in
1031 2989 1115 3047 brevi
1138 2990 1175 3048 de
1189 2990 1293 3048 itinere
1307 3006 1343 3046 eo
1358 2987 1580 3059 commentario,
1603 3006 1695 3064 quem

354 3088 467 3147 inserui
489 3089 565 3147 actis
591 3089 761 3148 academiae
784 3089 987 3148 BerolinensIs
1014 3091 1179 3150 minoribus
1207 3111 1233 3148 a.
1253 3089 1330 3149 1883
1358 3110 1387 3167 p.
1404 3088 1583 3148 607-618.
1635 3090 1695 3148 Re-

354 3197 460 3248 versus
483 3201 544 3250 tres
567 3191 756 3268 potIssimum
780 3196 861 3250 viros
884 3200 1033 3268 tamquam
1058 3194 1156 3252 socios
1178 3193 1278 3266 habui,
1300 3193 1448 3250 Renatam
1470 3189 1590 3267 Cagnat
1609 3190 1696 3250 Dua·

354 3311 485 3365 censam,
514 3293 665 3352 Iulianum
688 3294 832 3353 Poinssot
855 3295 1040 3368 Parisinum,
1067 3295 1272 3354 Alexandrum
1300 3295 1410 3372 Papier
1431 3293 1616 3352 Bonensem.
1667 3293 1694 3351 Ii

354 3413 535 3471 quamquam
562 3396 621 3472 ipsi
648 3397 679 3453 in
706 3396 799 3455 titulis
821 3397 973 3455 Africanis
1000 3407 1030 3456 et
1055 3397 1272 3474 investigandis
1299 3404 1329 3454 et
1354 3396 1477 3454 edendis
1504 3414 1637 3472 gnaram
1665 3403 1695 3452 et

352 3498 535 3556 fructuosam
560 3517 679 3572 operam
702 3506 824 3572 ponunt,
847 3499 1041 3558 nihilominus
1063 3518 1163 3556 eorum
1179 3517 1256 3575 quos
1270 3497 1451 3575 reperissent
1466 3505 1525 3555 tam
1548 3499 1696 3576 exempla

354 3618 443 3676 quam
466 3608 573 3676 ectypa
594 3618 709 3658 mecum
732 3602 950 3660 communicare
973 3621 1033 3660 non
1056 3601 1281 3674 dubitaverunt,
1304 3607 1458 3676 praeterea
1479 3600 1552 3658 mibi
1575 3603 1694 3676 passim

354 3701 392 3759 de
418 3703 508 3760 variis
534 3701 622 3760 rebus
650 3702 815 3761 sciscitanti
843 3703 948 3762 sedulo
977 3721 1094 3779 semper
1123 3703 1316 3778 officioseque
1343 3703 1564 3779 responderunt
1593 3713 1625 3761 et
1651 3706 1696 3762 ita

354 3803 525 3876 effecerunt,
548 3813 582 3862 ut
603 3805 688 3864 multi
711 3805 788 3863 tituli
811 3805 996 3864 emendatius
1019 3824 1098 3864 nunc
1120 3806 1256 3882 legantur
1277 3824 1365 3881 quam
1382 3815 1478 3876 antea,
1501 3804 1568 3879 lpse
1592 3814 1694 3864 autem

353 3923 412 3964 non
434 3923 545 3983 pancos
568 3925 685 3966 errores
708 3907 855 3966 evitarim.
893 3905 1092 3980 Quamobrem
1115 3927 1153 3966 ex
1176 3907 1270 3984 copiIs
1294 3907 1405 3966 nostris
1428 3908 1453 3965 si
1475 3906 1524 3983 qui
1544 3908 1695 3982 proficiet,

355 4008 429 4066 scito
452 4028 517 4068 eam
539 4009 657 4068 laudern
679 4029 739 4068 non
762 4017 821 4068 tam
845 4010 916 4068 mibi
940 4009 1040 4069 deberi
1063 4029 1152 4086 quam
1176 4010 1202 4066 ei
1225 4009 1349 4080 numini,
1371 4027 1390 4066 a
1411 4026 1471 4084 quo
1494 4009 1599 4068 carnia
1621 4029 1694 4086 pen·

354 4109 434 4182 dent,
457 4109 644 4170 Concordiae
665 4112 772 4171 bonae.

395 4212 536 4290 Denique
558 4221 696 4292 superest
717 4222 749 4272 ut
768 4213 874 4272 addam
889 4215 1033 4272 librorum
1050 4224 1079 4272 et
1093 4213 1323 4291 ephemeridum,
1346 4229 1449 4272 eorum
1466 4211 1594 4286 scilicet,
1618 4232 1695 4291 quae

355 4324 426 4390 post
447 4315 557 4374 editum
581 4315 699 4392 Corpus
722 4316 841 4392 publice
863 4316 1046 4394 prodierunt,
1070 4336 1088 4374 a
1109 4336 1156 4376 me
1178 4317 1379 4375 adhibitorum
1401 4333 1569 4374 recensum.

355 4414 528 4476 Ausonum
555 4416 745 4477 n’Hrrronn.
803 4417 834 4494 1)
861 4418 978 4477 bullatis
1005 4418 1231 4496 dcll’acoddmie
1259 4417 1426 4496 d'Hr'pponc
1447 4416 1541 4476 XVII
1564 4437 1593 4476 a.
1613 4417 1693 4478 1888

438 4519 550 4579 XVIII
571 4541 597 4580 a.
618 4519 707 4581 1883.
742 4519 819 4578 XIX
842 4541 867 4578 a.
885 4521 964 4580 1884
986 4541 1014 4597 p.
1034 4521 1148 4580 1-46.
1193 4521 1694 4597 2)eomptes·readasdcsse'aacea

438 4624 473 4682 de
495 4623 602 4681 l'ocad.
627 4623 796 4700 d’Hipponc
818 4643 845 4681 a.
865 4621 942 4682 1882
966 4623 1038 4682 iaso.
1056 4624 1167 4696 7-10,
1194 4622 1271 4683 1883
1297 4623 1368 4682 fasc.
1387 4623 1477 4682 1-9.

354 4724 392 4784 R.
414 4741 456 4782 na
478 4741 519 4782 aa
540 4725 728 4784 sannanim:
760 4725 790 4802 1)
816 4744 925 4802 voyage
951 4725 1065 4784 d'e'tade
1091 4727 1164 4784 dana
1191 4745 1245 4784 ane
1265 4729 1362 4802 partie
1390 4727 1424 4783 de
1452 4725 1482 4781 la
1507 4724 1693 4784 Mauretania

443 4828 623 4898 Odsarienae,
651 4828 683 4886 in
705 4829 835 4888 archiaco
857 4830 906 4886 das
928 4831 1060 4887 missione
1082 4829 1267 4905 scientistqaes
1290 4838 1315 4886 et
1337 4827 1488 4886 littdrairea
1511 4827 1573 4884 vol.
1590 4827 1622 4885 X
1648 4827 1692 4886 cel

438 4931 599 5006 separatIm
615 4929 724 4988 editum
737 4930 835 4989 Paris.
854 4930 942 4990 1883.
967 4930 999 5006 2)
1011 4932 1046 4989 de
1057 4949 1122 5008 repe
1132 4931 1206 4990 Inda
1218 4934 1293 5006 repis
1306 4929 1396 4987 Iubae
1404 4929 1469 5005 filio
1482 4927 1581 4987 Paria.
1599 4930 1690 4988 1883.

356 5031 520 5091 Banasam·
540 5049 601 5092 nas
621 5049 837 5102 ,ammonemus
860 5036 895 5092 de
916 5033 1029 5092 Fronte
1050 5052 1077 5092 a.
1097 5032 1185 5092 1880.
1205 5031 1294 5092 1881.
1314 5029 1403 5090 1882.
1423 5029 1511 5088 1883.

354 5133 518 5194 Bumarm
540 5152 582 5194 na
606 5151 898 5196 connasroaossca
920 5152 1091 5196 armonian
1114 5135 1288 5195 fasc.1—6
1312 5131 1451 5204 a.1882;
1479 5151 1575 5190 novae
1602 5133 1693 5190 seriei

438 5257 465 5297 a.
486 5237 563 5298 1884
586 5238 657 5298 fasc.
678 5239 770 5298 1-3.
