3428 5834
439 557 739 611 cassaunrmuss
766 558 1053 612 nerennrnrcnn.
1340 541 1410 614 629

74 735 186 814 Itaque
207 737 239 796 in
260 738 396 815 partibus
424 735 595 796 Occidentis
618 733 762 811 magister
782 733 947 794 officiorum
973 744 1003 793 et
1034 739 1156 812 agentes
1179 734 1210 792 in
1234 736 1323 794 rebus
1349 743 1412 794 tum

75 857 144 897 cum
166 839 204 898 iis
226 840 412 916 principatus
428 840 572 898 militares
588 837 783 915 eriperentur,
798 838 887 896 etiam
903 838 933 896 iu
950 837 1088 896 civilibus
1104 836 1234 913 aliquam
1254 839 1412 914 potestatis

75 941 317 1000 imminutionem
349 943 487 1001 videntur
519 939 655 1000 subiisse.
720 935 779 998 Sed
813 939 964 998 fatendum
998 948 1044 999 est
1076 957 1151 1016 quae
1182 939 1241 998 iam
1275 939 1413 1017 leguntur

76 1044 252 1118 perturbata
272 1061 338 1103 esse
361 1052 390 1102 et
415 1045 544 1102 fortasse
570 1040 728 1101 emendata
755 1041 936 1118 imperfecte.
988 1041 1069 1100 Nam
1096 1061 1162 1100 cum
1184 1041 1302 1100 Notitia
1324 1042 1411 1101 Occi-

75 1143 175 1203 dentis
197 1145 272 1204 duos
295 1146 463 1222 praefectos
486 1145 636 1223 praetorio
658 1153 811 1202 recenseat
833 1144 937 1202 ltaliae
960 1153 990 1202 et
1013 1142 1198 1217 Galliarum,
1221 1163 1325 1219 parum
1348 1163 1410 1202 cre-

74 1245 168 1305 dibile
194 1255 241 1306 est
268 1248 455 1324 praesidibus
480 1249 529 1306 vel
556 1256 633 1306 certe
660 1245 867 1304 consularibus
896 1244 1066 1306 Galliarum
1095 1247 1258 1324 principem
1284 1247 1409 1306 missum

73 1366 142 1408 esse
165 1369 184 1408 a
203 1350 356 1427 praefecto
382 1350 533 1425 praetorio
554 1348 677 1420 Italiae3
707 1367 762 1407 nec
787 1350 883 1424 magis
910 1349 1022 1425 placet,
1049 1349 1128 1426 quod
1156 1350 1268 1409 vicario
1295 1361 1408 1426 septem

72 1452 295 1527 prouinciarum
318 1470 336 1509 a
358 1453 502 1528 magistro
525 1451 689 1510 officiorum
713 1451 849 1528 princeps
872 1452 959 1510 datur
981 1469 1073 1528 agens
1095 1453 1127 1510 iu
1143 1452 1243 1523 rebus,
1266 1451 1408 1527 praesidi-

71 1554 129 1612 bus
152 1554 210 1612 sub
233 1573 269 1612 eo
292 1555 404 1613 vicario
431 1554 601 1613 constitutis
629 1572 647 1609 a
674 1553 822 1628 praefecto
849 1554 1008 1630 practorio.
1059 1552 1119 1614 Sed
1145 1555 1224 1612 ultra
1249 1554 1408 1630 reprehen-

72 1655 188 1714 sionem
213 1657 387 1715 traditorum
411 1657 498 1715 nobis
520 1674 579 1714 nou
602 1655 704 1714 datum
727 1663 773 1714 est
794 1663 825 1714 ut
840 1656 1044 1730 procedamus.
1061 1689 1102 1698 —
1126 1654 1293 1716 Gothorum
1309 1665 1408 1714 aetate

71 1759 225 1834 antiquam
248 1757 464 1817 ordinationem
486 1757 613 1816 rediisse
635 1764 665 1815 et
684 1757 844 1834 plerosque
866 1766 945 1816 certe
967 1759 1117 1836 principes
1140 1778 1179 1817 ex
1200 1758 1304 1817 schola
1319 1776 1407 1834 agen·
1443 1809 1445 1814 .

68 1861 143 1918 tium
172 1861 203 1934 in
230 1859 319 1918 rebus
348 1862 404 1919 sub
431 1860 575 1938 magistro
603 1859 771 1919 officiorum
798 1861 959 1920 constituta
986 1861 1135 1936 profectos
1165 1878 1233 1920 esse
1261 1861 1406 1920 formulae

70 1960 323 2022 Cassiodorianae
346 1961 388 2039 (v.
411 1962 479 2021 adn.
496 1962 529 2038 4)
552 1962 726 2023 docuerunt.

115 2786 184 2846 XL.
231 2784 349 2846 ORDO
380 2783 697 2846 SALVTATIONIS
725 2783 1128 2860 SPORTVLARVMQVII
1158 2784 1238 2846 SVB
1267 2787 1350 2846 IMP.

365 2906 545 2967 IVLIANO
572 2905 619 2966 IN
646 2904 879 2966 PROVINCIA
903 2905 1101 2966 NVMIDIA.

107 3093 367 3170 Thamugadensis
389 3095 447 3153 fori
469 3094 576 3154 rudera
597 3093 701 3152 relicta
722 3112 758 3152 eo
779 3094 841 3152 fere
864 3101 954 3165 statu,
977 3110 1037 3169 quo
1059 3093 1158 3153 forum
1173 3093 1249 3152 illud
1265 3093 1321 3153 fuit
1335 3113 1397 3155 sae-

62 3195 131 3256 culo
154 3205 261 3273 quarto
283 3196 395 3268 medio,
424 3215 490 3256 cum
513 3209 601 3256 antea
622 3197 681 3254 iam
704 3205 734 3254 et
760 3205 952 3254 monumenta
978 3196 1040 3254 alia
1066 3195 1221 3273 praeclara
1246 3207 1276 3255 et
1302 3198 1397 3256 album

61 3299 173 3356 ordiale
196 3297 337 3374 (C.VllI,
361 3297 456 3375 2403)
478 3298 655 3377 protulerint
676 3299 877 3374 conscriptum
899 3298 978 3358 circa
1000 3307 1136 3375 tempora
1156 3298 1280 3373 Iuliani,
1303 3319 1398 3376 nuper

60 3401 111 3459 his
134 3399 312 3460 addiderunt
333 3409 446 3460 statuta
467 3401 634 3461 consularis
649 3399 810 3461 Numidiae
832 3402 868 3459 dc
891 3400 994 3459 ordine
1010 3400 1199 3460 salutationis
1215 3411 1246 3461 et
1261 3403 1297 3461 de
1312 3420 1397 3479 spor·

57 3501 134 3561 tulis
157 3503 331 3561 iudiciorum
353 3503 443 3580 plena
464 3503 601 3581 egregiae
623 3511 652 3561 et
673 3522 768 3563 novae
789 3504 878 3582 plane
900 3504 1085 3578 eruditionis,
1108 3504 1187 3564 edita
1207 3505 1336 3583 primum
1359 3506 1396 3564 ab

58 3603 216 3664 indefesso
233 3615 374 3665 veterano
390 3605 629 3683 explorationem
640 3605 851 3665 Africanarum
864 3608 900 3664 A.
913 3605 1019 3664 Poulle
1036 3606 1153 3682 (recueil
1167 3608 1201 3666 de
1215 3606 1396 3668 Constantius

56 3705 122 3765 vol.
140 3704 179 3764 22
202 3725 229 3765 a.
245 3706 323 3766 1882
346 3727 375 3785 p.
388 3708 464 3779 4013
492 3708 632 3783 repetivit
653 3724 745 3784 supra
765 3728 794 3786 p.
812 3707 871 3768 386
895 3705 1101 3785 Schmidtius).
1144 3709 1191 3767 Ea
1212 3709 1304 3769 editio
1327 3729 1394 3768 cum

56 3809 97 3867 ad
123 3827 170 3867 me
191 3808 310 3884 perlata
331 3820 418 3883 esset,
442 3810 498 3868 etsi
521 3809 656 3868 videbam
678 3811 758 3868 huno
780 3828 898 3886 quoque
919 3810 1049 3887 lapidem
1070 3811 1160 3870 solita
1172 3810 1328 3886 diligentia
1342 3831 1394 3870 ex-

54 3920 180 3988 ceptum
203 3929 269 3972 esse
289 3929 386 3988 neque
409 3911 501 3969 ullam
523 3912 667 3988 pleraque
690 3911 884 3971 offensionem
906 3912 1064 3984 habebant,
1089 3921 1188 3970 tamen
1209 3931 1315 3972 versus
1338 3930 1393 3972 sex

52 4012 197 4088 (9-14)
223 4012 382 4072 admodum
405 4013 481 4072 male
503 4014 598 4072 habiti
624 4033 684 4073 uon
711 4014 807 4072 solum
834 4014 893 4091 ipsi
920 4031 1024 4088 parum
1051 4012 1311 4090 intellegebantur,
1340 4016 1392 4073 sed

51 4116 149 4176 etiam
180 4116 310 4175 universi
338 4115 521 4176 mouumenti
547 4123 653 4175 natura
679 4125 709 4175 et
735 4114 870 4174 condicio
900 4123 1023 4192 propter
1051 4133 1117 4173 eum
1151 4114 1298 4175 defectum
1331 4135 1391 4175 uon

51 4217 134 4277 satis
157 4217 401 4293 perspiciebatur.
450 4217 641 4295 Quapropter
662 4238 715 4296 per
736 4219 851 4277 litteras
873 4216 1025 4275 Poullium
1048 4218 1166 4296 rogari,
1195 4227 1227 4278 ut
1252 4225 1390 4298 ectypum

48 4319 131 4378 mihi
160 4319 373 4379 conficiendum
401 4332 527 4379 curaret.
582 4321 696 4380 Adnuit
721 4321 771 4380 ille
800 4320 934 4396 adeoque
961 4320 1108 4378 nuntiavit
1138 4338 1171 4380 se
1196 4321 1296 4399 ipsum
1323 4341 1389 4381 cum

46 4420 120 4479 fieri
143 4430 248 4495 posset
270 4423 333 4480 eius
355 4423 397 4482 rei
420 4441 512 4482 causa
527 4422 715 4500 Thamugadi
739 4422 940 4500 profecturum
963 4441 1039 4495 esse,
1062 4433 1092 4482 et
1112 4443 1166 4499 per
1181 4424 1295 4500 aliquot
1309 4445 1389 4484 meu-

47 4539 104 4582 ses
129 4531 294 4599 tcmporum
317 4525 509 4584 inclementia
529 4533 677 4600 retentus,
708 4545 802 4602 nuper
824 4526 894 4585 licet
922 4526 1016 4584 ventis
1044 4532 1074 4584 et
1099 4526 1208 4602 pluviis
1236 4527 1388 4586 etiamtum

45 4624 213 4684 contrariis
236 4627 343 4685 comite
366 4635 395 4685 et
417 4628 551 4686 adiutore
563 4628 684 4687 Victore
705 4628 832 4687 Reboud
853 4628 932 4705 quod
955 4629 1093 4704 promisit
1114 4647 1230 4688 summa
1243 4629 1390 4688 industria
1496 4619 1497 4622 ¹

45 4735 79 4799 et
104 4725 241 4785 sollertia
261 4729 393 4804 perfecit.
438 4729 573 4806 Ectypis,
598 4749 672 4806 quae
695 4731 752 4788 tria
777 4731 914 4789 Poullius
941 4731 1029 4804 misit,
1056 4731 1182 4804 adiutus,
1209 4750 1387 4807 quamquam

45 4829 96 4887 sic
121 4846 242 4905 quoque
264 4830 362 4890 hiatus
389 4831 505 4908 aliquot
531 4831 690 4891 admodum
715 4833 893 4892 incommodi
915 4841 1123 4892 remanserunt
1149 4841 1179 4891 et
1204 4833 1235 4890 iu
1255 4833 1386 4891 futurum

46 4948 176 5008 quoque
198 4933 393 4992 remanebunt
415 4931 602 5012 (superficies
625 4935 703 4993 enim
724 4935 833 5012 lapidis
855 4934 896 4994 ibi
919 4942 982 4992 tota
1007 4935 1139 5010 decidit),
1161 4935 1192 4992 in
1215 4935 1387 4993 universum

46 5031 210 5092 lectionem
233 5044 265 5093 ut
287 5035 460 5112 expedirem
483 5036 555 5095 mihi
578 5037 730 5096 successit.
770 5035 858 5096 Grati
880 5037 971 5096 animi
989 5055 1109 5097 sensum
1123 5037 1167 5096 ita
1181 5037 1333 5115 profiteor,
1356 5049 1387 5097 nt

45 5131 175 5195 Poullio
198 5134 414 5214 Reboudioquc
437 5138 499 5198 scio
522 5143 651 5198 maxime
668 5139 845 5216 placiturum
860 5156 936 5199 esse:
954 5139 1068 5198 scillcet
1083 5139 1138 5197 edo
1153 5158 1242 5216 quam
1258 5140 1385 5216 primum

48 5237 114 5296 lieri
138 5237 238 5314 potuit
259 5251 481 5300 monumentum
504 5241 689 5320 recognitum
712 5241 827 5301 adiecto
850 5241 1072 5301 commentario.
